3414 5158
624 374 760 443 292

1530 608 1740 661 oonnx
1784 610 2127 661 romaum.

709 806 787 873 In
849 807 1127 873 editione
1191 806 1529 873 Fastorum
1578 806 1936 873 Merkelius
1984 804 2385 873 collationem
2436 806 2733 874 adhibuit
2778 806 3011 872 codicis

619 914 954 983 cuiusdam
974 962 992 992 ‚
1054 916 1242 981 cuius
1307 934 1555 1000 „neque
1616 913 1694 979 de
1754 934 2108 999 possessore
2130 962 2149 992 ,
2202 934 2405 999 neque
2454 913 2532 980 de
2579 917 2786 979 aetate
2830 912 3012 998 quid-

621 1040 814 1107 quam
850 1020 1278 1098 innotuerat”,
1305 1041 1498 1107 quem
1520 1019 1841 1087 Fonteinii
1872 1020 1963 1107 (f)
1989 1018 2180 1096 dicit,
2206 1041 2243 1086 a
2265 1019 2359 1086 Io.
2384 1018 2729 1086 Schradero
2752 1019 3011 1085 factam.

619 1126 689 1193 Is
734 1132 830 1193 est
867 1126 1056 1193 hodie
1100 1128 1171 1192 in
1220 1124 1604 1193 bibliotheca
1649 1124 1908 1212 publica
1951 1125 2230 1192 Frisiaca
2275 1125 2457 1213 (olim
2506 1126 3008 1211 Franequerana)

619 1232 682 1300 N
731 1230 838 1299 47.
887 1232 1319 1321 Pergamenus
1366 1237 1463 1298 est
1504 1232 1711 1297 forma
1757 1233 2033 1297 minima
2078 1230 2148 1319 (9
2172 1236 2248 1309 ><
2273 1232 2357 1297 18
2404 1234 2727 1312 centim.),
2777 1231 3011 1297 litteris

619 1339 1075 1405 minutissimis
1137 1346 1201 1405 et
1263 1338 1654 1424 compendiis
1712 1336 1919 1404 solitis
1965 1358 2127 1404 saec.
2175 1337 2345 1404 XIV
2392 1343 2507 1404 aut
2550 1336 2671 1403 XV
2716 1340 3008 1424 scriptus.

619 1440 1052 1512 Coi-rectiones
1112 1444 1546 1511 interlineares
1602 1465 1729 1510 non
1774 1443 2011 1529 ubique
2056 1443 2225 1530 apud
2272 1443 2667 1511 Merkelium
2711 1448 3013 1510 notantur

620 1552 826 1618 veluti
885 1550 971 1617 V.
1021 1549 1155 1617 692
1219 1558 1286 1617 ιιι
1343 1552 1428 1615 mi
1479 1551 1678 1635 pande
1712 1573 1965 1637 precor,
2014 1571 2203 1636 supra
2248 1551 2475 1618 falsam
2522 1550 2861 1617 lectionem
2906 1552 3012 1614 ad-

617 1656 892 1721 mirande
943 1680 1154 1741 precor
1217 1659 1564 1743 scriptum,
1629 1676 2022 1742 quamquam
2090 1678 2240 1724 vera
2299 1656 2488 1723 lectio
2532 1656 2790 1724 aliunde
2837 1662 3007 1723 nota.

617 1762 752 1830 Nec
800 1765 1059 1829 omnino
1107 1762 1316 1830 multa
1361 1766 1599 1829 omissa
1645 1782 1684 1829 a
1721 1761 2067 1830 Schradero
2106 1765 2364 1848 opinor,
2406 1784 2567 1849 quae
2606 1764 2767 1830 scire
2790 1784 3013 1850 operae

619 1874 745 1937 est.
811 1873 980 1936 certe
1024 1871 1153 1937 huc
1202 1890 1328 1937 non
1378 1869 1739 1936 referendae
1787 1866 2034 1956 glossae
2080 1870 2426 1956 pauculae,
2476 1869 2682 1936 veluti
2724 1870 2882 1937 haec
2930 1868 3009 1935 ad

617 1974 793 2042 Fast.
849 1976 975 2042 III.
1044 1974 1198 2061 135,
1260 1996 1395 2063 sqq.
1460 1975 1815 2061 adscripta:
1869 1976 2122 2060 ,‚(c)um
2169 1974 2494 2043 Hannibal
2538 1976 2859 2042 Romanos
2904 1977 3012 2042 ob-

617 2102 822 2149 sessos
865 2104 976 2169 per
1018 2081 1083 2148 V
1132 2102 1325 2149 annos
1372 2086 1651 2166 teneret,
1697 2082 1871 2147 fame
1906 2101 2012 2147 eos
2051 2086 2263 2171 coegit
2279 2132 2298 2168 ,
2337 2085 2450 2168 qui
2493 2084 2742 2149 monitu
2765 2080 3011 2149 Cereris

616 2188 948 2256 tantillum
987 2189 1225 2255 farinae
1272 2187 1440 2275 quod
1487 2188 1768 2254 restabat
1814 2194 2140 2267 coxerunt,
2191 2194 2257 2255 et
2302 2196 2522 2256 contra
2557 2190 2773 2255 hostes
2815 2209 3011 2274 panes

615 2296 1051 2381 proiecerunt,
1123 2295 1288 2380 quod
1357 2293 1582 2361 videns
1648 2291 1975 2359 Hannibal
2044 2296 2419 2361 existimans
2488 2316 2594 2362 eos
2652 2298 3007 2361 maximam

615 2398 860 2468 Cereris
926 2401 1158 2468 habere
1227 2402 1476 2487 copiam
1542 2402 1804 2466 recessit
1819 2448 1838 2474 ,
1912 2420 2104 2485 quare
2171 2400 2453 2468 Romani
2511 2400 2725 2473 Cereri
2770 2402 3009 2468 festum

613 2509 1076 2575 constituerunt
1118 2512 1217 2574 tot
1260 2507 1520 2586 diebus,
1573 2513 1729 2594 quot
1775 2508 1956 2572 annis
2003 2507 2242 2574 obsessi
2285 2506 2596 2575 fuerant.”

2480 2659 2554 2728 O.
2603 2660 2697 2727 M.
2747 2661 2820 2726 F.

1603 2836 2007 2849 μ...-

1561 3020 2052 3072 ΟΒΥΜΡΙΟΒΟΒΠΕ

613 3214 692 3280 ad
729 3213 1018 3281 Platonis
1058 3215 1424 3280 Alcibiadem
1460 3235 1609 3303 pag.
1649 3214 1813 3282 104:
1858 3216 1886 3281 ὅ
1930 3215 2263 3297 Σωκράτης
2288 3215 2637 3284 πολλοὶΚΙΟ
2663 3221 2850 3297 ἠρᾶτο
2874 3225 3003 3290 τοῖς

611 3319 868 3400 πρώτοις
911 3318 1244 3395 &medeae-e
1285 3325 1498 3387 ταῦτα
1539 3321 1632 3407 (τὸ
1674 3321 1985 3402 συμφέρον
2026 3323 2131 3388 καὶ
2174 3322 2243 3388 τὸ
2270 3323 2523 3409 δίκαιον)
2548 3325 2663 3390 ἀπ’
2688 3325 3001 3400 ἀλλήλων.

701 3423 1019 3492 Emenda:
1087 3426 1300 3492 πολλοὶ
1369 3431 1754 3508 ΚΛΤηροῖτο.
1805 3428 1883 3494 cf.
1936 3427 2157 3496 Cicero
2203 3431 2279 3495 de
2330 3430 2557 3516 Officiis
2600 3430 2725 3496 HI.
2776 3429 2853 3496 3:
2892 3433 3006 3495 du-

611 3531 918 3597 bitandum
979 3555 1098 3597 non
1157 3541 1244 3599 cet
1289 3540 1434 3619 quin
1479 3557 1793 3620 numquam
1830 3537 2019 3618 poscit
2066 3536 2306 3600 militae
2348 3559 2478 3600 cum
2522 3538 2826 3603 honestate
2870 3559 3006 3602 con-

611 3639 870 3704 tendere.
941 3639 1155 3724 Itaque
1220 3646 1542 3724 accepimus
1609 3642 1905 3706 &cratem
1974 3658 2335 3708 maenam
2400 3645 2645 3708 solitum
2714 3665 2843 3728 eos,
2900 3643 3007 3728 qui

607 3761 860 3812 lessm
899 3747 1040 3811 hacc
1077 3757 1302 3811 natura
1339 3748 1719 3813 cohaerentia
1756 3748 2032 3832 opinione
2054 3749 2497 3814 distraxit-scut.
2544 3748 3004 3816 Percommode

606 3851 911 3918 Davisius
977 3853 1058 3919 ad
1114 3853 1356 3919 librum
1417 3854 1492 3918 de
1555 3855 1809 3935 Leqibm
1855 3852 1905 3918 Ι.
1960 3853 2067 3920 12.
2118 3853 2343 3920 attulit
2386 3854 2603 3922 locum
2650 3851 3003 3921 Clementis

610 3957 1025 4024 Alexandrini
1094 3959 1371 4025 &ronch
1439 3980 1587 4048 pag.
1661 3958 1831 4026 499:
1905 3959 2219 4035 Κλεάνθης
2287 3962 2347 4024 ἐν
2406 3962 2493 4044 τῷ
2550 3961 2802 4042 δευτέρῳ
2862 3960 2999 4042 περὶ

611 4062 816 4140 ἡδονῆς
877 4063 984 4128 τὸν
1046 4063 1380 4145 Σωκράτην
1437 4065 1595 4148 φησὶ
1647 4103 1731 4116 -
1781 4067 1865 4146 τῷ
1914 4068 2126 4148 πρώτῳ
2174 4065 2433 4134 διελόντι
2480 4069 2552 4134 τὸ
2598 4068 2826 4134 δίκαιον
2872 4068 2999 4134 ἀπὸ

607 4173 717 4234 τοῦ
762 4169 1174 4252 συμφέροντος
1223 4174 1668 4251 ΚΛΤαρῑὶο-θαι
1712 4174 1792 4244 ὦς
1840 4173 2073 4250 ἀσεβές
2120 4197 2181 4238 τι
2228 4177 2505 4254 πρᾶγμα.
2554 4174 2891 4255 δεδρακδτι.

695 4275 868 4344 Hinc
913 4277 1082 4362 apud
1129 4274 1500 4345 Ciceronem
1545 4277 1727 4366 lege:
1772 4279 1879 4360 qui
1931 4297 2115 4344 rimu
2162 4317 2246 4329 —
2294 4281 2737 4347 distraxi-ssent.

2486 4427 2559 4496 Ο.
2608 4428 2693 4498 G.
2740 4428 2814 4498 O.
