3414 5158
1409 392 1837 444 monunus.
2780 376 2821 442 5

517 560 550 626 I
605 560 706 639 lO,
758 559 797 628 '7
863 559 1038 624 ἄλλα
1103 559 1425 640 προδοσίας
1492 560 1822 638 γενομένης
1887 557 2024 623 καὶ
2090 564 2263 623 τινῶν
2325 563 2446 623 τῶν
2493 557 2600 623 σὺν
2652 559 2821 640 αύτῷ

427 666 958 748 προκατελθδντων
1007 668 1064 738 ἐς
1115 668 1224 743 την
1271 666 1449 732 πόλιν
1496 667 1600 730 καὶ
1651 669 1761 742 την
1809 664 2144 742 ἐπιβουλὴν
2190 663 2603 731 κατειπόντων
2649 665 2823 752 (φθό-

429 797 520 847 νος
568 775 696 853 γὰρ
741 774 966 846 αὐτοὺς
1019 775 1079 845 ἐς
1129 778 1307 840 τοῦτο
1357 772 1741 854 παρώξυνεν,
1793 775 1841 838 εὶ
1893 773 1964 848 δη
2008 771 2271 851 ἔμελλον
2322 770 2507 836 ἀντὶ
2578 776 2825 854 λης-οῦ

425 881 727 955 δεσπότην
783 878 938 958 ἕξειν
1003 880 1106 944 καὶ
1172 879 1521 966 βασιλέα),
1595 880 1732 960 πρὶν
1796 880 1927 945 κτὲ.
2023 877 2388 944 Sententiae
2437 880 2826 945 conveniunt

424 1010 586 1076 qnae
644 988 864 1056 Mend.
927 990 1198 1054 coniecit
1254 989 1392 1053 cirri
1463 989 1780 1070 ληςαρχου
1830 993 1896 1053 et
1948 985 2087 1051 ἀντὶ
2136 989 2443 1068 συλληςοῦ
2464 1033 2479 1064 ,
2530 985 2641 1051 sed
2693 985 2823 1050 for-

425 1100 591 1161 tasse
637 1098 831 1160 etiam
882 1094 1269 1181 probabilior
1315 1098 1615 1161 correctio
1663 1099 1761 1159 est
1808 1091 1949 1157 ἐντ’
2003 1094 2495 1174 <αρχ>ιληςοῦζ
2594 1089 2653 1154 Ε
2701 1090 2823 1155 Ρο-

421 1200 637 1267 litiani
693 1199 1105 1266 translatione
1166 1223 1204 1264 a
1265 1205 1438 1264 sociis
1484 1201 1832 1285 quibusdam
1886 1199 2091 1264 editor
2138 1197 2341 1262 effecit
2387 1217 2536 1262 eum
2586 1194 2822 1284 legisse

427 1307 559 1373 δια
619 1311 792 1372 τινῶν
842 1313 958 1372 τῶν
1009 1345 1094 1356 —-
1142 1306 1692 1386 προκατελθόντων.
1787 1307 1877 1371 At
1921 1305 2373 1390 praepositioni
2423 1311 2611 1387 AIA,
2660 1322 2822 1387 quse

419 1415 753 1501 respondet
809 1413 1071 1480 Latinae
1113 1413 1314 1498 PER,
1375 1434 1502 1479 non
1545 1412 1692 1490 AB,
1744 1412 1849 1478 hio
1896 1412 2075 1477 locus
2123 1430 2249 1475 non
2291 1415 2407 1474 est.
2458 1407 2817 1473 Politianus

423 1520 687 1586 fortasse
732 1519 896 1607 legit
949 1527 1048 1584 el<
1099 1525 1273 1583 τινῶν
1323 1520 1452 1584 κτὲ.

513 1626 548 1690 I
595 1627 702 1702 ll,
749 1627 781 1690 l
833 1626 988 1689 αὐτὸ
1039 1625 1152 1696 μὲν
1199 1624 1268 1688 τὸ
1311 1622 1590 1701 ἄγαλμα
1638 1622 2002 1692 διῙπετὶς
2046 1615 2200 1684 εἶναι
2243 1620 2549 1697 λέγουσιν.
2598 1616 2819 1685 Fluvii

427 1729 667 1796 Graece
730 1731 809 1795 ad
873 1728 1146 1794 Homeri
1206 1728 1575 1815 exemplum
1638 1727 1911 1792 audiunt
1974 1727 2267 1798 διιπετεῒς
2290 1777 2307 1799 ,
2384 1745 2822 1810 quaecumque

425 1856 573 1904 vero
621 1857 654 1901 e
703 1836 879 1901 coelo
929 1835 1164 1900 cadunt
1213 1839 1326 1900 aut
1376 1834 1596 1900 cadere
1643 1833 2022 1910 creduntur,
2075 1839 2150 1898 ut
2195 1831 2441 1918 lapides
2490 1837 2556 1896 et
2593 1834 2814 1918 signa,

422 1942 794 2018 διοπετῆ,
861 1944 1078 2024 itaque
1144 1941 1472 2027 vulgatam
1522 1939 1939 2025 scripturam,
1990 1942 2173 2004 cuius
2219 1944 2468 2024 praeter
2514 1937 2813 2004 Aldinam

419 2047 747 2114 Leidensis
793 2053 855 2114 et
904 2047 1370 2112 Laurentianus
1417 2051 1610 2112 testes
1657 2051 1828 2130 sunt,
1870 2045 2177 2118 διοπετὲς
2218 2045 2639 2111 revocandam
2681 2064 2814 2110 esse

419 2154 706 2220 arbitror.
759 2152 937 2218 Idem
985 2152 1160 2219 valet
1205 2154 1281 2218 de
1327 2153 1466 2218 loco
1514 2150 1568 2215 V
1621 2151 1681 2230 3,
1737 2151 1777 2216 5
1826 2151 2154 2226 διῖπετῆ
2205 2177 2276 2217 τε
2326 2151 2513 2216 αὐτὸν
2564 2159 2675 2230 (sc.
2712 2149 2818 2214 τὸν

328 2257 333 2260 ’
417 2259 608 2348 λίθον)
664 2256 818 2326 εἶναι
883 2266 1380 2338 σεμνολογοῦσιν.
1430 2259 1749 2344 Frequens
1797 2266 1895 2324 est
1941 2263 2274 2345 utriusque
2324 2257 2621 2326 vocabuli
2668 2278 2809 2323 con-

415 2366 583 2433 fusio
607 2416 622 2443 ,
673 2366 782 2432 sed
831 2375 1080 2432 certum
1131 2367 1499 2433 discrimen.

509 2473 539 2537 I
591 2473 700 2549 14,
754 2473 796 2535 4
867 2471 1285 2552 καταφλέξων
1345 2473 1408 2537 δὲ
1473 2473 1542 2538 τὸ
1614 2477 1732 2550 πῦρ
1796 2471 1899 2537 τόν
1960 2497 2031 2536 τε
2096 2472 2237 2537 νεὼν
2284 2471 2389 2536 καὶ
2441 2471 2658 2536 πάντα
2705 2470 2811 2535 τὸν

420 2579 781 2663 περίβολον,
853 2579 1190 2655 ἐπενεμήθη
1266 2584 1368 2643 καὶ
1432 2579 1518 2643 τὰ
1579 2588 1818 2648 πλεῖς-α
1877 2590 1987 2654 τῆς
2050 2577 2285 2649 πόλεως
2358 2578 2460 2643 καὶ
2528 2576 2806 2647 κοὶλλιςα

419 2685 607 2765 ἔργα·
656 2682 758 2751 ὅτε
804 2686 922 2749 καὶ·
957 2695 1068 2759 τῆς
1119 2685 1334 2757 Ἑςίας
1378 2689 1484 2750 τοῦ
1535 2686 1640 2749 νεὼ
1689 2685 2245 2765 καταφλεχθέντος
2294 2683 2433 2769 [ὑπὸ
2462 2686 2567 2746 τοῦ
2592 2683 2806 2766 πυρὸς]

417 2793 729 2871 γυμνωθὲν
776 2790 946 2872 ὤφθη
997 2791 1066 2855 τὸ
1112 2798 1222 2866 τῆς
1275 2790 1612 2861 Παλλάδος
1663 2789 1947 2868 ἄγαλμα
1996 2792 2121 2856 κτὲ.
2222 2788 2559 2857 Glossema
2606 2790 2808 2853 mani-

415 2900 652 2965 festum
717 2898 832 2962 ὑπὸ
883 2902 990 2963 τοῦ
1038 2897 1216 2976 πυρός
1267 2897 1432 2983 (cod.
1485 2898 1737 2963 Monac.
1790 2897 1904 2964 ὑπὸ
1953 2896 2163 2977 πυρὸς)
2211 2896 2443 2983 effugit
2488 2893 2808 2961 Mendels-

420 3006 632 3073 sohnii
679 3004 1107 3091 diligentiam.

506 3111 536 3175 I
588 3110 694 3185 16,
751 3111 810 3175 1.
859 3109 1049 3175 Hunc
1093 3108 1308 3175 locum
1356 3112 1447 3174 sic
1492 3110 1967 3175 constituerim:
2017 3104 2133 3171 ἔδει
2186 3106 2248 3171 δὲ
2294 3105 2417 3185 ἄρα
2481 3109 2632 3171 ποτὲ
2694 3106 2809 3169 κα-

415 3226 603 3284 κεῖνον
641 3216 1006 3282 παύσασθαι
1046 3215 1370 3293 μεμηνότα
1413 3216 1518 3279 καὶ
1558 3216 1668 3290 την
1716 3214 2033 3288 Ῥωμαίων
2080 3215 2280 3292 ἀρχὴν
2330 3211 2805 3291 τυραννουμένην

413 3324 542 3390 νέου
619 3325 733 3401 μὲν
798 3324 923 3403 γὰρ
987 3322 1157 3393 ἔτους
1223 3329 1332 3396 τῆς
1399 3323 1766 3401 <mbr-nc>
1834 3318 2114 3394 ἐπιούσης
2181 3317 2501 3404 [ἔμελλεν]
2571 3318 2803 3398 ἡμέρας

418 3430 694 3517 (σέβουσι
763 3430 826 3495 δὲ
887 3431 996 3502 τὴν
1051 3429 1328 3507 ἑορτὴν
1377 3430 1664 3505 Ῥωμαῖοι
1713 3428 1773 3497 ές
1824 3428 1949 3491 θεὸν
2000 3426 2420 3506 ἀρχαιότατον
2468 3432 2579 3499 τῆς
2628 3427 2802 3489 Ἰτα-

414 3536 558 3609 λίας
607 3536 925 3616 ἐπιχώριον
977 3534 1241 3610 <Ἴανον
1285 3534 1540 3611 ὄνομα>
1587 3532 2007 3612 ἀναφέροντες
2048 3568 2134 3581 -
2182 3527 2544 3609 διπρόσωτον
2592 3530 2653 3595 δὲ
2695 3532 2806 3595 αὖ·

411 3646 518 3709 τοῦ
580 3642 650 3707 τὸ
713 3640 998 3721 ἄγαλμα
1057 3638 1324 3725 ἵδρυται)
1385 3639 1618 3715 ταύτης
1685 3640 1757 3715 δὴ
1818 3647 1928 3713 τῆς
1980 3638 2182 3716 ἑορτῆς
2232 3638 2586 3715 προσιούσης
2640 3672 2723 3684 -
2774 3636 2803 3699 ὃ

413 3747 675 3823 κόμοδος
727 3748 1021 3825 ἐβούλετο
1073 3748 1203 3811 xri.
1252 3746 1435 3827 Quod
1476 3746 1687 3812 delevi
1728 3742 2026 3822 ἔμελλεν,
2072 3742 2301 3807 s‘tolide
2346 3741 2800 3826 interpolatum

407 3854 671 3922 videtur
732 3875 769 3920 a
828 3857 1162 3940 quopiam,
1221 3856 1332 3938 qui
1395 3852 1762 3919 anacoluthi
1827 3850 2137 3914 rationem
2204 3867 2327 3911 non
2396 3850 2803 3932 perspiceret.

407 3960 746 4028 Facillime
795 3967 1008 4027 sutem
1058 3960 1293 4025 excidit
1338 3962 1491 4023 nota
1537 3953 1889 4021 numeralis
1938 3954 1997 4017 α’
2039 3969 2113 4002 =
2154 3954 2428 4037 πρώτην,
2472 3972 2665 4037 qnam
2706 3954 2801 4016 in-

408 4070 599 4134 serui.
693 4067 958 4151 Insuper
1001 4066 1294 4132 lubenter
1341 4084 1489 4129 cum
1538 4062 1805 4129 Reiskio
1852 4060 2159 4148 legerim:
2210 4059 2459 4137 σέβουσι
2506 4058 2569 4123 δὲ
2608 4057 2797 4123 ταύ-

406 4198 496 4249 τη
517 4200 545 4237 ν
597 4174 669 4239 ἑο
692 4182 845 4254 ρτῆ.

495 4281 530 4345 Ι
581 4278 683 4365 17,
738 4279 778 4343 5
826 4276 982 4342 ἀλλ’
1037 4277 1102 4341 οὖ
1152 4274 1666 4360 καταπροΐξη
1719 4276 1905 4348 αὐτὸς
1956 4274 2193 4351 μεθύων
2240 4270 2546 4351 νηφούσης
2586 4293 2801 4349 γυναι-

404 4385 528 4457 κός.
594 4385 931 4451 Edendum
1005 4384 1213 4449 fuerat
1273 4381 1847 4461 καταπροίξει.
1916 4378 2231 4449 Diaeresis
2293 4380 2361 4442 in
2426 4377 2546 4445 hoc
2608 4376 2801 4443 verbo

402 4490 818 4578 relinquenda
865 4494 960 4557 est
1007 4488 1285 4557 Ionibus.
