3414 5158
1407 379 1809 431 moneres.
1994 327 1997 332 ¹
2676 355 2805 426 133

412 544 752 628 ἀπαιρεθέω
797 547 908 622 τὴν
955 547 1154 626 ὦρκὺν
1201 545 1348 626 πρὸς
1397 551 1504 612 τοῦ
1557 547 1891 628 ἀδελφεοῦ.
1942 545 2077 612 VII.
2127 545 2297 618 209:
2340 545 2411 611 τὸ
2452 543 2803 622 ποιεύμενον

415 655 560 733 πρὸς
624 661 742 720 τῶν
806 655 1329 732 Λακεδαιμονίων.
1394 654 1469 721 V.
1521 651 1648 721 12:
1695 655 1785 720 τοὶ
1830 652 2168 732 ποιεόμενα
2216 655 2287 719 ἐκ
2330 661 2440 729 τῆς
2486 649 2801 730 γυναικός.

415 757 502 824 V.
572 757 695 824 23:
768 762 838 826 τὸ
909 758 1265 838 ποιεύμενον
1326 761 1394 826 ἐκ
1462 764 1570 825 τοῦ
1634 759 1905 829 Ἱςιαίου.
1974 759 2053 825 ΙΙ.
2110 757 2275 827 151:
2336 758 2407 824 τὸ
2454 757 2691 833 ποιηθὲν
2739 757 2807 821 ἐκ

418 865 857 946 Ψαμμιτίχου.
925 865 984 941 Ῑ.,
1031 869 1186 932 114:
1260 869 1328 931 τὸ
1397 865 1750 948 προςαχθὲν
1814 868 1882 931 ἐκ
1937 871 2045 933 τοῦ
2094 866 2303 947 Κύρου.
2352 863 2429 931 V.
2479 864 2556 929 2:
2606 861 2805 929 ἐνετέ-

415 987 613 1038 ταλτο
661 973 731 1038 ἐκ
779 971 1057 1052 Δαρέιου.
1107 971 1257 1038 VII.
1313 970 1478 1040 175:
1523 973 1611 1039 τὰ
1658 970 1970 1054 λεχθέντα
2014 973 2082 1050 ἐξ
2119 970 2555 1053 Ἀλεξάνδρου,
2596 975 2661 1036 et
2698 970 2803 1035 his

416 1079 659 1146 similia
707 1081 971 1165 passim.

509 1293 686 1374 Quae
730 1293 1128 1361 necessitudo
1173 1297 1272 1360 est
1313 1295 1481 1360 inter
1524 1295 1888 1359 ἀποκτεῖναι
1937 1297 2002 1359 et·
2042 1291 2402 1367 ἀποθανεῖν,
2442 1289 2807 1374 περιβαλεῖν

417 1403 482 1465 et
551 1408 901 1481 περιπεσεῖν
964 1403 1351 1485 caeterisque
1413 1421 1574 1485 quae
1634 1398 1919 1466 diximus
1979 1398 2200 1465 eadem
2258 1398 2597 1464 intercedit
2641 1399 2807 1464 inter

416 1505 644 1572 διώκειν
708 1529 986 1571 accusare
1049 1511 1114 1571 et
1176 1505 1439 1587 Φεύγειν
1463 1519 1474 1530 “
1501 1507 1570 1570 in.
1631 1505 1921 1569 iudicium
1985 1505 2058 1567 ab
2102 1505 2303 1585 aliquo
2351 1503 2595 1582 induci,
2643 1525 2807 1568 reum

417 1613 557 1698 aqi,
600 1618 678 1678 ut
723 1614 790 1677 in
835 1611 1126 1678 Platonis
1177 1611 1474 1693 Apoloqia
1519 1611 1779 1676 Socratis
1825 1630 1971 1697 pag.
2022 1608 2130 1675 35.
2178 1610 2248 1674 d:
2302 1606 2606 1686 ἀσεβείας
2653 1609 2808 1689 φεύ-

424 1743 549 1798 γων
598 1721 791 1784 “rno
841 1718 1164 1791 Μελήτου.

510 1930 792 1998 Verbum
857 1929 1166 2008 κατάγειν
1227 1935 1301 1994 ab
1369 1931 1548 1996 eccilio
1593 1932 1872 1996 reducere
1914 1929 2108 1996 habet
2154 1931 2483 2016 passivum
2528 1927 2805 1995 κατιέναι

421 2035 538 2104 ὑπό
609 2058 786 2108 τινος.
877 2035 1086 2102 Nemo
1156 2036 1405 2103 dicebat
1463 2056 1538 2102 eo
1599 2055 1787 2103 sensu
1845 2036 2241 2116 καταχθῆναι
2292 2035 2402 2101 sed
2448 2035 2768 2100 κατελθεῖν
2787 2082 2805 2114 ,

418 2163 623 2229 neque
672 2131 1067 2224 καταῇςθῆσει
1115 2143 1224 2209 sed
1271 2143 1489 2223 κάτει,
1535 2148 1612 2209 ut
1655 2145 1725 2210 in
1768 2142 1971 2209 nobili
2015 2142 2152 2210 loco
2197 2141 2525 2229 Euripidis
2568 2143 2639 2207 in
2677 2143 2811 2208 Me-

407 2251 520 2315 dea
573 2268 671 2317 vs.
727 2248 940 2314 1011:

873 2351 1098 2433 θάρσει.
1147 2352 1324 2420 κάτει
1373 2379 1463 2421 τοι
1513 2355 1620 2420 καὶ
1668 2355 1745 2420 σὺ
1792 2353 1935 2434 πρὸς
1986 2352 2206 2420 τέκνων
2256 2351 2369 2419 ἔτι.

413 2466 481 2526 et
546 2459 716 2545 apud
781 2459 1224 2546 Thucydidem
1274 2458 1442 2526 VIII.
1497 2460 1620 2525 48:
1679 2457 1795 2542 ὅτῳ
1842 2459 2044 2541 τρόπῳ
2094 2497 2176 2509 -
2230 2456 2344 2552 ὑπὸ
2391 2463 2508 2524 τῶν
2558 2457 2806 2539 ἑταίρων

425 2565 722 2633 κάτεισιν.
770 2564 850 2632 cf.
912 2565 1059 2631 γαν.
1111 2565 1300 2631 Lecti.
1351 2586 1495 2654 pag.
1546 2564 1655 2632 56.

510 2672 734 2739 Unum
781 2676 846 2738 et
892 2670 1169 2737 alterum
1217 2671 1450 2737 addam
1496 2677 1560 2737 et
1606 2673 1698 2738 sic
1746 2671 1827 2737 ad
1864 2670 2271 2737 Herodotum
2307 2674 2607 2737 revertar.
2647 2668 2808 2736 Ver-

414 2779 575 2846 bum
621 2776 830 2856 λέγειν
876 2778 1016 2842 τινά
1063 2800 1123 2841 τι
1171 2772 1304 2862 (εὖ,
1355 2778 1590 2855 κακῶς,
1645 2776 1857 2843 πολλα
1899 2776 2198 2861 κάγαθά,
2236 2776 2450 2841 πολλα
2491 2774 2595 2841 καὶ
2638 2776 2807 2843 κακοὶ

416 2884 627 2964 λέγειν
673 2883 842 2969 τινά)
889 2882 1082 2949 habet
1129 2885 1458 2967 passivum
1507 2879 1575 2948 εὖ
1598 2933 1614 2961 ,
1664 2884 1868 2955 κακῶς
1891 2930 1907 2962 ,
1958 2882 2169 2948 πολλὰ
2212 2881 2317 2947 καὶ
2360 2884 2529 2949 κακοὶ
2567 2881 2806 2947 ἀκούειν

417 2993 610 3057 ’ΤΠΟ
659 3012 848 3065 τινος,
903 2997 977 3052 ut
1021 2992 1089 3053 in
1136 2986 1423 3054 Platonis
1467 2988 1704 3073 Hippia
1750 2994 1971 3053 maiore
2018 3008 2167 3075 pag.
2216 2985 2347 3054 308
2390 2990 2467 3053 d:
2518 2986 2635 3053 ὑπὸ
2673 2987 2809 3053 τοῦ-

419 3120 526 3163 του
571 3101 678 3161 τοῦ
729 3095 1035 3176 ἀνθρώπου
1084 3092 1297 3159 πάντα
1344 3094 1514 3161 κακὰ
1567 3094 1823 3161 ἀκούω.-

507 3200 823 3268 Similiter
869 3208 1061 3265 ποιεῖν
1108 3198 1249 3268 τινά
1296 3224 1356 3265 τι
1395 3196 1491 3287 (εὖ
1509 3251 1528 3275 ,
1570 3208 1770 3273 κακῶς
1795 3248 1811 3280 ,
1854 3208 2088 3270 πλεῖςα
2140 3183 2243 3265 καὶ
2282 3197 2523 3280 μέγιςα
2558 3197 2806 3287 ἀγαθά)

418 3308 614 3375 habet
673 3308 998 3393 passivum
1065 3305 1342 3388 πάσχειν
1404 3304 1530 3394 (εὖ,
1587 3313 1831 3386 κακῶς,
1884 3307 2099 3374 πολλοὶ
2147 3308 2340 3386 δεινοὶ)
2388 3309 2581 3372 ‘Tne
2628 3330 2808 3382 τινος.

418 3412 657 3482 Contra
705 3413 818 3479 ubi
866 3420 1056 3478 ποιεῖν
1101 3433 1228 3479 non
1272 3413 1464 3479 habet
1509 3429 1808 3499 personae
1850 3415 2173 3480 obiectum
2212 3412 2324 3480 sed
2363 3414 2454 3478 rei
2481 3414 2809 3499 passivum

417 3528 516 3587 est
558 3518 926 3603 γίγνεσθαι,
973 3519 1142 3605 apud
1186 3518 1590 3586 Herodotum
1637 3522 1840 3587 etiam
1892 3518 2239 3599 ποιέεσθαι,
2290 3521 2359 3586 τὸ
2408 3518 2801 3597 ποιεύμενον,

419 3626 506 3693 τὰ
552 3626 886 3703 ποιεύμενα
905 3672 922 3704 ,
970 3624 1158 3710 plane
1201 3630 1278 3691 ut
1325 3624 1548 3692 Latine
1595 3642 1837 3691 nonan
1884 3631 1950 3691 et
1992 3644 2184 3691 mm.
2279 3623 2703 3711 Apertissime
2742 3624 2811 3689 id

419 3733 702 3799 cernitur
769 3734 836 3796 in
905 3737 1056 3797 nota
1122 3731 1474 3817 periphrasi
1541 3752 1654 3816 per
1710 3730 1982 3798 verbum
2045 3731 2385 3807 ποιεῖσθαι,
2446 3734 2523 3795 ut
2582 3726 2807 3808 λόγους

417 3837 716 3903 ποιεῖσθαι
786 3856 900 3923 pro
971 3835 1216 3929 Mrem.
1279 3835 1598 3917 ἀνάρρησιν
1661 3836 1960 3900 ποιεῖσθαι
2029 3855 2142 3919 pro
2207 3834 2596 3915 ἀναγορεύειν
2620 3884 2636 3911 ,
2700 3834 2811 3911 τὴν

419 3942 675 4022 πάροδον
733 3941 1033 4007 ποιεῖσθαι
1099 3962 1210 4027 pro
1256 3940 1535 4021 παριέναι
1583 3946 1646 4007 et
1694 3940 1839 4006 aliis
1887 3942 2239 4007 sexcentis:
2290 3961 2451 4026 quae
2494 3962 2694 4027 quum
2742 3943 2811 4007 in

421 4049 696 4115 formam
767 4048 1089 4133 passivam
1158 4046 1578 4115 convertenda
1637 4052 1789 4112 sunt
1848 4047 2095 4114 videbis
2155 4068 2427 4114 summan
2458 4048 2810 4113 constantia

420 4154 548 4219 dici
596 4152 769 4231 λόγοι
817 4151 1180 4230 γίγνονται,
1235 4155 1268 4229 ἡ
1315 4150 1634 4233 ἀνάρρησις
1683 4154 1978 4232 γίγνεται
2029 4159 2179 4219 cett.
2231 4159 2297 4219 et
2340 4155 2432 4218 sic
2473 4152 2641 4238 apud
2679 4152 2813 4219 He-

418 4258 712 4325 rodotum
762 4256 846 4323 V.
895 4256 1002 4323 21.
1055 4259 1206 4349 quia
1249 4278 1362 4344 pro
1395 4256 1600 4339 ζητεῖν
1637 4259 1875 4325 dicitur
1914 4258 2163 4340 ζήτησιν
2212 4258 2511 4324 ποιεῖσθαι
2537 4257 2808 4346 legitur:

421 4363 670 4446 ζήτησις
745 4402 816 4413 —-
883 4366 952 4431 ἐκ
1014 4369 1131 4428 τῶν
1192 4365 1462 4446 Περσέων
1529 4364 1795 4444 ἐγένετο.
1890 4364 2276 4431 Rectissime
2321 4366 2527 4451 igitur
2572 4362 2807 4429 dicitur

423 4470 746 4557 γενέσθαι,
816 4472 901 4538 τοὶ
970 4469 1278 4551 γενόμενα
1300 4518 1320 4550 ,
1391 4470 1509 4538 ὑπό
1574 4494 1770 4548 τινος,
1844 4469 1989 4552 πρός
2059 4492 2254 4550 τινος,
2332 4466 2400 4535 ἔκ
2471 4491 2627 4542 τινος
2690 4468 2801 4551 sed
