3414 5158
1487 394 1675 447 mus,
2655 377 2785 451 12¹7

395 565 672 650 priorem
731 562 942 630 Schol.
993 574 1050 629 Β·
1087 565 1550 649 suspicionem,
1603 570 1669 629 et
1716 562 1990 631 Graecos
2036 566 2249 631 risisse
2293 565 2452 651 Epei
2499 569 2566 632 in
2613 567 2785 632 disco

393 672 680 737 iaciendo
739 673 1157 758 imperitiam.
1251 669 1376 736 Sed
1439 670 1662 760 debuit
1722 678 1911 756 poeta
1970 692 2112 739 eam
2177 674 2567 759 imperitiam
2618 672 2787 739 clare

392 776 749 865 significare
769 825 786 855 ,
838 798 1030 863 quare
1077 778 1362 863 suspicor
1407 797 1556 842 eum
1606 777 1886 845 dedisse:

665 878 798 957 ἦκΛ
847 884 908 949 δὲ
963 883 1282 959 δίνησΕΝ·
1333 881 1623 960 γέλασαν
1673 882 1727 949 δ’
1778 884 1881 949 ἐπὶ
1934 883 2169 957 πάντες
2224 884 2504 965 Ἀχαιοί.

483 990 650 1056 Cum
716 992 888 1055 enim
951 988 1108 1055 alias
1171 990 1404 1055 iacturi
1467 988 1717 1055 discum
1766 1010 2004 1078 magna
2049 993 2119 1057 vi
2167 998 2231 1057 ct
2279 990 2486 1057 veloci
2532 992 2783 1077 impetu

389 1102 598 1162 rotare
643 1095 955 1179 solerent,
1004 1095 1247 1181 Epona,
1302 1096 1448 1176 ἀνὴρ
1498 1097 1602 1171 ἠύς
1652 1120 1725 1161 τε
1773 1096 1984 1174 μέγας
2034 1120 2102 1162 τε
2151 1096 2320 1170 εἰδὼς
2368 1097 2783 1181 πυγμαχίης,

392 1201 500 1278 sed
572 1199 748 1267 illius
818 1203 1182 1267 certaminis
1244 1202 1422 1267 rudis
1482 1202 1630 1289 (οὐδ’
1689 1200 1818 1282 ἄρα
1865 1228 1993 1276 πως
2042 1200 2143 1282 ἦν,
2198 1206 2335 1289 ipse
2380 1226 2571 1291 supra
2619 1204 2785 1269 dixit

391 1304 525 1372 670
587 1326 700 1392 sq„
769 1308 828 1371 ἐν
876 1306 1178 1373 warnae·
1240 1307 1574 1393 (ardunae-⁹
1637 1309 1700 1373 ἐν
1718 1306 1770 1395 Y)
1836 1306 2060 1388 ἔργοισι
2111 1309 2392 1386 δαήμονα
2442 1318 2627 1391 φῶτα
2676 1334 2785 1389 γε·

389 1410 622 1501 pesam)
675 1414 889 1478 leniter
937 1425 996 1478 et
1043 1416 1216 1479 tarde
1261 1415 1486 1479 dimum
1525 1415 1781 1493 rotavit,
1821 1418 1915 1480 ita
1952 1423 2025 1481 ut
2066 1436 2265 1481 manu
2300 1419 2571 1485 emissus
2594 1418 2786 1483 breve

393 1523 677 1605 spatium
724 1528 1132 1605 percurreret.
1205 1520 1307 1586 Ad
1354 1520 1644 1587 adverbii
1690 1542 1885 1586 usum
1934 1522 2214 1589 conferas
2264 1531 2337 1589 Ω,
2386 1523 2541 1591 508.
2587 1548 2626 1589 σ
2674 1522 2785 1589 92.

395 1634 456 1690 Ψ
507 1624 658 1692 336.
707 1634 760 1690 T
813 1623 965 1691 301.
1015 1636 1059 1691 Ρ
1115 1624 1265 1692 254.

490 1851 560 1907 Ω,
610 1839 762 1907 431.
827 1840 1184 1907 Mercurius
1243 1842 1336 1906 sic
1398 1840 1660 1909 Priamo
1710 1842 2046 1929 respondet
2094 1843 2378 1910 offerenti
2425 1844 2549 1910 sibi
2596 1865 2787 1930 pocu·
2904 1918 2923 1931 ‚

393 1949 532 2015 lum
552 1999 570 2035 ,
615 1952 672 2015 si
718 1949 974 2017 salvum
1023 1952 1239 2035 ipsum
1295 1949 1375 2015 ad
1422 1948 1692 2015 Achillis
1744 1954 2091 2017 tentorium
2137 1950 2566 2038 perduxisset:

711 2064 893 2143 πειρᾷ
942 2057 1144 2141 ἐμεῖο,
1192 2054 1434 2138 γεραιέ,
1486 2056 1800 2142 νεωτέρου,
1850 2058 1983 2123 οὐδέ
2032 2082 2113 2136 με
2164 2057 2438 2136 πείσεις,

708 2162 773 2236 ὅς
818 2188 900 2241 με
949 2160 1098 2244 κέλῃ
1145 2162 1246 2228 σέο
1291 2163 1448 2245 δῶρα
1477 2164 1696 2244 παρὲξ
1742 2166 2027 2244 Ἀχιλῆα
2073 2166 2385 2246 δέχεσθαι.

711 2269 814 2335 τὸν
856 2271 970 2349 μὲν
1019 2270 1140 2348 ἐγὼ
1196 2268 1457 2335 δείδοικα
1506 2271 1610 2336 καὶ
1663 2270 1949 2349 αἰδέομαι
1997 2272 2131 2352 περὶ
2183 2278 2315 2353 κῆρι

716 2376 1128 2453 συλεύειν,
1181 2380 1268 2454 μή
1318 2377 1422 2455 μοί
1468 2400 1526 2442 τι
1569 2376 1760 2442 κακὸν
1806 2377 2142 2454 μετόπισθε
2191 2378 2477 2457 γένηται.

393 2482 603 2549 Locus
666 2488 764 2549 est
823 2482 997 2549 haud
1061 2484 1286 2569 exigui
1347 2484 1698 2558 momenti,
1764 2484 1933 2550 unde
1978 2484 2301 2551 discamus
2346 2507 2541 2571 quam
2587 2505 2785 2573 grave

397 2596 604 2656 aetate
667 2591 920 2656 heroica
982 2596 1047 2655 et
1105 2589 1454 2654 Homerica
1521 2591 1839 2675 principes
1900 2592 2246 2676 imperium
2310 2595 2379 2657 in
2460 2593 2783 2672 subditos,

396 2698 592 2762 etiam
657 2696 942 2764 melioris
1003 2695 1384 2762 conditionis
1447 2695 1559 2782 qui
1623 2705 1865 2781 essent,
1914 2700 2330 2763 exercuerint.
2425 2698 2787 2764 Mercurius

397 2803 570 2870 enim
617 2825 810 2890 supra
858 2825 952 2870 vs.
1005 2800 1152 2894 396·
1187 2802 1392 2869 divite
1435 2807 1616 2889 patre
1663 2823 1733 2868 se
1777 2808 2003 2869 natum
2052 2824 2185 2869 esse
2231 2803 2571 2892 Polyctore
2610 2803 2789 2891 Myr-

395 2910 652 2976 midone
715 2909 1032 2996 professus
1093 2913 1257 2988 erat,
1326 2929 1442 2975 nec
1492 2915 1707 2975 tamen
1754 2909 1947 2975 audet
1993 2908 2160 2975 clam
2209 2908 2456 2976 Achilli
2504 2911 2785 2996 accipere

394 3016 666 3096 donum,
739 3016 910 3103 quod
978 3015 1081 3082 illi
1151 3015 1543 3082 destinatum
1613 3034 1749 3081 esse
1810 3018 2119 3104 suspicari
2178 3017 2431 3102 quidem
2498 3021 2781 3102 poterat,

391 3143 507 3190 nec
577 3129 824 3190 tamen'
863 3129 1033 3190 certo
1095 3122 1368 3201 sciebat,
1429 3121 1723 3210 quodque
1786 3123 2013 3189 saltem
2080 3121 2319 3189 Achilli
2382 3123 2607 3189 datum
2653 3142 2780 3189 non

394 3234 549 3297 erat.
641 3227 919 3296 Memini
988 3250 1092 3296 me
1159 3228 1372 3317 legere
1440 3228 1929 3315 descriptionem
1995 3231 2245 3296 itineris
2314 3229 2469 3296 facti
2536 3249 2573 3294 a
2638 3230 2779 3296 viro

397 3335 580 3402 docto
627 3337 696 3401 in
742 3336 956 3402 Africa
1002 3334 1439 3415 meridionali,
1479 3336 1595 3401 ubi
1635 3335 1935 3402 similiter
1976 3341 2312 3402 narrantur
2332 3333 2543 3424 reguli
2567 3336 2781 3400 nescio

394 3441 578 3506 cuius
636 3440 880 3508 subditi
941 3443 1163 3508 eodem
1227 3444 1458 3509 timore
1511 3441 1779 3508 cohibiti
1826 3463 1863 3508 a
1908 3443 2259 3509 viatoribus
2308 3462 2573 3508 munera
2620 3440 2781 3506 acci-

393 3567 541 3632 pere
586 3549 727 3613 ausi
774 3567 897 3614 non
945 3569 1098 3615 esse.

491 3769 556 3828 ss
611 3759 762 3831 ¹725.
811 3761 1118 3838 Queritur
1160 3763 1603 3830 Andromache
1649 3761 1878 3850 lugens
1926 3763 2147 3827 mariti
2197 3761 2477 3829 obitum:

717 3863 899 3950 ἆνερ,
944 3868 1079 3934 ἀπ’
1131 3871 1338 3941 αἰῶνος
1385 3867 1509 3939 νέος
1557 3867 1789 3946 ὤλεο,
1842 3867 1961 3932 καδ
2010 3865 2075 3932 δέ
2120 3891 2206 3945 με
2250 3867 2447 3950 χήρην

713 3977 948 4048 λείπεις
1000 3975 1060 4039 ἔν
1105 3973 1456 4056 μεγάροισι.

394 4079 848 4169 Intellegerem
920 4081 1045 4146 ἀπὸ
1116 4081 1240 4152 νέος
1311 4081 1496 4156 ὤλεο,
1563 4084 1676 4146 aut
1734 4076 1855 4144 ἀπ’
1922 4079 2113 4146 αἰῶνα
2177 4080 2299 4152 νέος
2349 4077 2626 4163 ὤλεσας,
2674 4078 2787 4144 sed

395 4187 553 4274 qnid
593 4189 679 4253 sit
725 4185 1068 4252 ἀπολέσθαι
1115 4187 1322 4257 αἰῶνος
1371 4205 1494 4252 non
1539 4190 1795 4271 exputo.
1844 4185 2073 4251 Haesit
2117 4185 2383 4252 fortasse
2429 4187 2562 4250 iam
2588 4183 2783 4251 Zeno-

398 4295 620 4370 dotus,
666 4297 852 4360 cuius
895 4298 1108 4359 tamen
1153 4291 1492 4358 lectionem
1535 4291 1662 4357 νέον
1686 4293 1950 4380 (recens)
1978 4291 2124 4357 ὤλεο
2153 4297 2720 4358 commemoratam
2747 4310 2785 4357 a

395 4399 736 4468 scholiasta
763 4399 1012 4466 Veneto
1038 4402 1231 4466 etiam
1260 4397 1451 4486 long-e
1475 4398 1852 4465 deteriorem
1878 4419 2011 4464 esse
2034 4399 2445 4464 manifestum
2472 4402 2601 4478 est,
2628 4417 2780 4464 nam

394 4507 519 4582 νέος
565 4507 788 4598 procul
837 4507 1032 4574 dubio
1079 4511 1176 4573 est
1224 4508 1672 4572 necessarium.
1726 4503 1847 4572 Sed
1896 4507 1965 4570 in
2001 4509 2303 4594 promptu
2341 4508 2439 4571 est
2464 4505 2781 4578 coniceret
