3414 5158
629 357 716 426 12
1600 373 2029 424 monuwa.

624 537 718 606 ὅτι
787 538 1033 608 σύνοιδα
1103 539 1247 607 δείν’
1317 539 1743 622 εἰργασμένος.
1814 539 2071 606 Veteres
2140 539 2617 606 substantivum
2678 538 3015 616 συνείδησις

622 647 987 735 ignorantes
1031 667 1145 734 pro
1193 667 1267 713 eo
1309 668 1616 733 usurpare
1663 645 1870 714 solent
1914 643 1983 711 τὸ
2033 645 2315 719 συνειδός.

715 753 806 819 IV
853 752 920 838 8,
967 753 1012 820 2
1076 756 1341 821 καυσίαν
1399 778 1469 819 τε
1519 754 1650 818 ἐπὶ
1701 755 1841 830 *rhu
1887 754 2265 835 κεφαλὴν
2309 753 2507 836 φέρων
2558 753 2662 818 καὶ
2712 752 3012 833 κρηπῖδας

629 859 1050 940 ὑποδούμενος.
1148 861 1218 926 Si
1277 861 1431 947 quid
1480 860 1898 934 mut-andum,
1946 859 2220 925 scribam
2270 862 2483 946 potius
2527 883 2578 924 π
2597 860 2713 939 ep>
2763 863 2873 934 τὴν
2922 885 3018 926 κε-

625 967 843 1051 φαλήν
893 988 1088 1054 quam
1139 989 1290 1034 cum
1336 968 1579 1035 editore
1623 966 1726 1032 ἐπὶ
1772 992 1812 1031 τ
1836 975 1917 1042 ἥς
1968 972 2369 1048 κεφαλῆς.
2464 965 2589 1034 Sed
2634 969 2833 1033 etiam
2875 987 3017 1053 pro-

625 1073 907 1144 babilius
993 1074 1296 1159 arbitror,
1369 1075 1562 1140 verba
1629 1072 1801 1139 male
1866 1070 2110 1140 Graeca
2180 1071 2438 1138 fluxisse
2506 1093 2541 1139 e
2610 1072 3015 1161 glossemate.

627 1180 803 1261 Quae
872 1185 1224 1266 sequnntur
1291 1182 1380 1246 sic
1449 1182 1864 1246 correxerim:
1941 1175 2384 1256 ἐπιλεξάμενός
2455 1203 2526 1244 τε
2599 1179 2839 1251 νεανίας
2912 1178 3016 1246 καὶ

625 1285 1014 1364 στρατεύσας
1088 1284 1510 1362 Μακεδονικὴν
1580 1285 1795 1353 ἐκάλει
1865 1285 2241 1367 Φαλαγγα,
2309 1285 2450 1359 τούς
2513 1310 2585 1352 τε
2646 1285 3017 1366 ἡγουμένους

624 1396 821 1470 αὐτῆς
870 1393 1075 1474 Φέρειν
1124 1393 1538 1474 <ἒκέλευσε>
1587 1393 1675 1459 τὰ
1722 1399 1838 1459 τῶν
1894 1393 2116 1458 ἐκείνου
2164 1394 2491 1470 ςρατηγῶν
2539 1391 2838 1469 ὀνόματα.
2920 1392 3019 1460 De

628 1501 912 1568 ἐκέλευσε
961 1503 1412 1567 assentientem
1460 1500 1662 1566 habeo
1712 1501 2018 1566 editorem
2036 1546 2055 1576 ‚
2101 1500 2334 1585 qnippe
2373 1501 2486 1585 qui
2523 1501 2755 1565 merito
2795 1500 3020 1585 probet

628 1605 938 1675 Politiani
1002 1610 1356 1673 versionem
1421 1607 1604 1671 iussio
1647 1607 1918 1672 ducibus.
2010 1605 2108 1670 Ad
2156 1605 2504 1685 ςρατεύσας
2552 1625 2740 1672 sensu
2786 1609 3016 1672 transi-

629 1717 765 1782 tivo
826 1723 1208 1799 usurpatum
1281 1713 1362 1779 cf.
1423 1712 1492 1779 H
1561 1713 1659 1790 14,
1717 1712 1757 1778 6
1820 1713 2061 1784 νεανίας
2110 1711 2679 1792 μεταπεμπόμενος
2722 1713 2825 1777 καὶ
2876 1737 3020 1791 epa·

631 1821 844 1886 τεύων.

720 1924 819 1990 IV
867 1923 931 2008 9,
982 1924 1023 1990 3
1089 1924 1308 1989 ἐκεῖνον
1371 1925 1434 1989 δὲ
1492 1923 1941 2011 (caracallam)
1991 1923 2423 2006 χλευαζόντων
2474 1922 2567 1990 ὅτι
2618 1923 2688 1998 δὴ
2734 1923 3018 2003 μικρὸς

633 2033 709 2098 ὢν
756 2030 1158 2109 Ἀλέξανδρον
1205 2031 1310 2096 καὶ
1365 2029 1684 2110 Ἀχιλλέα
1727 2031 2385 2109 γενναιοτάτους
2428 2033 2561 2095 καὶ
2605 2031 3016 2109 asylum,-

636 2134 824 2219 ἥρωας
884 2136 1185 2215 ἐμιμεῖτο.
1238 2137 1508 2222 Propter
1553 2139 1842 2222 opposita
1885 2139 2097 2203 nescio
2144 2159 2225 2202 an
2270 2143 2413 2223 post
2458 2137 2669 2217 μικρός
2715 2137 3022 2203 exciderit

635 2240 771 2311 καὶ
820 2248 1141 2325 φαῦλος
1190 2248 1303 2308 aut
1349 2242 1563 2308 simile
1609 2243 1785 2328 quid.

723 2349 814 2415 IV
863 2348 925 2423 9,
975 2347 1018 2413 8
1064 2353 1313 2414 τοσοῦτο
1360 2347 1415 2414 δ’
1467 2349 1710 2427 ἐγένετο
1758 2348 1942 2431 Φθνος
1986 2352 2061 2423 ὥς
2112 2351 2349 2431 ῥείθροις
2396 2347 2665 2428 αἵματος
2708 2351 2835 2416 δια
2886 2357 3017 2417 τοῦ

634 2455 918 2522 πεδίου
978 2455 1097 2527 τας
1159 2480 1231 2519 τε
1295 2454 1567 2533 ἐκβολὰς
1614 2460 1724 2520 τοῦ
1776 2457 2001 2522 Νείλου
2050 2456 2325 2535 μεγίςας
2374 2457 2562 2530 οὔσας
2613 2457 2715 2524 τόν
2763 2482 2830 2523 τε
2884 2457 3016 2536 περὶ

632 2563 744 2639 τὴν
816 2560 995 2628 πόλιν
1059 2562 1352 2640 αἰγιαλὸν
1416 2560 1628 2628 πάντα
1685 2565 2097 2647 Φοινιχθῆναι.
2161 2563 2585 2631 Tolerabilius
2652 2587 2799 2632 sane
2860 2565 3021 2632 foret

633 2669 868 2751 ῥείθροις
929 2666 1199 2743 αἵματος
1265 2671 1349 2734 ἐκ
1414 2676 1519 2736 τοῦ
1582 2669 1790 2736 πεδίου
1812 2718 1831 2749 ,
1891 2670 2002 2737 sed
2063 2670 2289 2737 malim
2338 2673 2412 2744 ὣς
2467 2674 2695 2753 ῥείθροις
2750 2670 3017 2751 αἵματος

634 2780 794 2843 πᾶν
855 2775 942 2842 τὸ
1002 2776 1282 2842 πεδίον
1341 2776 1458 2848 τοὶς
1523 2800 1594 2841 τε
1659 2777 1933 2853 ἐκβολὰς
1986 2814 2067 2826 -
2118 2776 2221 2843 τόν
2284 2801 2352 2842 τε
2402 2814 2492 2828 -
2538 2780 2831 2857 αἰγιαλὸν
2886 2786 3021 2860 Φοι-

633 2884 934 2965 νιχθῆναι.
981 2880 1434 2948 Mendelseohn
1482 2886 1626 2966 post
1671 2883 1878 2948 πεδίου
1926 2884 2332 2969 participium
2383 2884 2731 2963 desiderat,
2774 2892 2839 2950 et
2884 2883 3019 2950 fieri

633 3010 782 3059 sane
851 2992 1061 3075 potest
1125 2994 1200 3052 ut
1265 2984 1352 3051 H.
1415 2986 1694 3053 dederit:
1760 2989 1837 3059 ὥς
1902 2989 2137 3069 ῥείθροις
2187 2986 2455 3067 αἵματος
2508 2991 2606 3055 διὰ
2656 2996 2761 3056 τοῦ
2813 2991 3017 3056 πεδίου

634 3095 951 3179 <ρυεῒσι>
1012 3091 1119 3159 vel
1181 3092 1659 3174 <φερομένοις>
1707 3092 1826 3166 τάς
1891 3118 1961 3160 τε
2013 3094 2285 3173 ἐκβολὰς
2336 3096 2465 3160 κτὲ.
2560 3098 2662 3162 An
2709 3096 3021 3163 vocabula

631 3202 734 3268 διὰ
794 3206 903 3267 τοῦ
949 3198 1195 3277 πεδίου,
1246 3220 1408 3285 quae
1453 3221 1577 3266 non
1624 3198 1931 3288 leguntur
1979 3201 2148 3286 apud
2195 3202 2494 3267 Ioannem
2516 3251 2532 3279 ,
2582 3208 2732 3268 sunt
2776 3202 3019 3290 glossa-

629 3310 788 3375 toris
844 3306 1161 3390 adscripta
1222 3310 1479 3390 propter
1523 3307 1559 3391 5
1607 3305 1650 3371 4
1698 3310 1811 3379 τὴν
1862 3308 2145 3372 νεολαίαν
2192 3306 2225 3373 ἔ
2240 3333 2269 3381 ς
2319 3332 2402 3374 τε
2453 3309 2725 3375 πεδίον
2775 3309 3013 3375 κελεύει

627 3408 976 3480 συνελθεῒνῗ
1037 3409 1178 3478 Hoc
1234 3411 1643 3497 potissimum
1707 3412 2103 3479 crediderim.

718 3516 807 3583 IV
859 3515 964 3594 13,
1019 3516 1054 3582 1
1119 3515 1416 3598 Φοβηθεὶς
1464 3517 1528 3582 δὲ
1574 3520 1662 3595 μὴ
1723 3519 1826 3583 καὶ
1877 3517 2149 3599 δεύτερον
2194 3525 2466 3586 ταῦτα
2516 3522 2543 3586 ὃ
2592 3523 3010 3602 Ματερνιανὸς

630 3623 912 3705 ἐπιςείλῃ
935 3674 952 3700 ,
1003 3622 1134 3689 κτὲ.
1182 3622 1608 3690 Praetulerim
1655 3624 1943 3691 ταῦτα.

718 3729 810 3807 IV
860 3727 968 3803 13,
1016 3726 1057 3795 3
1119 3730 1428 3806 darocam!
1472 3754 1544 3795 τε
1592 3729 1915 3803 πάντας
1963 3731 2306 3811 κελεύσας,
2353 3734 2751 3815 ἀνεχώρει
2800 3734 3015 3821 (Oara-

627 3835 819 3923 calla)
879 3837 1021 3903 σὺν
1068 3835 1177 3901 ἑνὶ
1221 3836 1585 3918 ὑπηρέτῃ
1631 3835 2207 3916 ἀποσκευασάμενος
2255 3839 2343 3904 τα
2390 3840 2785 3921 ἐνοχλοῦντα.
2883 3842 3012 3917 Qui

630 3962 849 4009 omnes
905 3945 1169 4009 comites
1228 3950 1550 4019 removet,
1615 3963 1741 4008 non
1804 3964 2005 4009 unum
2066 3946 2331 4021 retinet,
2393 3967 2508 4010 nec
2571 3950 2681 4033 qui
2728 3953 3013 4015 ventrem

627 4054 960 4133 exonerat,
1009 4068 1088 4114 ne
1133 4068 1245 4113 rex
1292 4047 1551 4133 quidem
1601 4056 1713 4114 aut
1758 4051 2138 4133 imperator,
2187 4052 2253 4114 in
2296 4070 2371 4115 ea
2411 4072 2477 4116 re
2512 4053 2758 4141 indiget
2782 4052 3015 4120 famuli

629 4174 766 4240 ope.
860 4153 1085 4221 Solum
1135 4158 1352 4220 autem
1401 4154 1598 4219 fuisse
1646 4151 2036 4221 Caracallam
2087 4153 2447 4222 luculenter
2492 4158 2703 4242 prodit
2748 4178 3013 4242 sequens

625 4261 939 4345 narratio,
986 4262 1082 4327 ita
1127 4266 1203 4327 ut
1246 4258 1469 4346 procul
1515 4260 1711 4325 dubio
1750 4261 2197 4349 corrigendum
2238 4264 2354 4330 sit:
2404 4263 2714 4338 ἆποςῆναί
2748 4285 2817 4327 τε
2862 4260 3017 4328 πάν-

625 4388 743 4437 τας
791 4364 1127 4444 κελεύσας,
1177 4367 1696 4446 ἀνεχώρησεν
1745 4364 1936 4431 α’νευ
1988 4366 2387 4447 ὑπηρέτου
2436 4368 3011 4447 ἀποσκευασάμενος

625 4472 710 4539 τὰ
771 4474 1169 4554 ἐνοχλοῦντα.
1267 4470 1369 4539 Ne
1431 4473 1592 4539 forte
1654 4475 1799 4560 quis
1846 4473 2170 4541 existimet
2217 4496 2419 4542 unum
2470 4474 2662 4543 illum
2714 4475 3011 4560 ὑπηρέτην

3387 413 3390 496 --
3337 41 3391 349 „Q—
