3414 5158
1427 426 1670 476 omnm.
2660 405 2745 474 73

311 592 676 657 vetustior
731 591 846 657 ille
891 593 1296 677 praenomine
1345 590 1837 680 distinguendus
1884 595 1981 657 est
1998 639 2013 668 ,
2066 611 2228 677 quae
2274 591 2438 658 ratio
2486 593 2555 656 in
2602 590 2749 657 reli-

318 698 504 780 quis
553 697 754 782 (Cotta
774 745 792 776 ,
847 698 1122 783 Graccus)
1165 717 1290 762 non
1337 696 1530 764 valet.

447 910 563 976 64.
630 911 846 988 „Num
894 913 1094 977 etiam
1140 913 1208 976 in
1255 912 1374 978 bac
1420 912 1821 997 quotidiana.
1871 913 2152 988 assidua,
2201 914 2565 999 urbanaque
2613 916 2749 980 vita

323 1015 758 1102 splendorem
823 1024 1010 1083 tuum
1031 1067 1050 1102 ,
1117 1020 1431 1105 gratiam,
1492 1017 1923 1083 celebritatem
1988 1020 2401 1085 domesticam
2422 1069 2440 1103 ,
2488 1041 2745 1105 operam

321 1122 671 1189 forensem
691 1171 708 1200 ,
771 1125 1079 1187 concilium
1097 1173 1115 1207 ,
1177 1125 1469 1188 auxilinm
1485 1173 1502 1200 ,
1569 1125 1980 1189 auctoritatem
2000 1173 2015 1202 ,
2076 1129 2456 1191 sententiam
2506 1132 2749 1192 senato-

326 1231 524 1294 riam
571 1230 752 1295 nobis
799 1235 945 1305 aut,
994 1233 1068 1294 ut
1117 1231 1328 1296 verius
1375 1230 1604 1307 dicam,
1653 1233 1952 1315 cuiquam
1994 1251 2061 1296 es
2098 1229 2319 1297 infimo
2360 1251 2433 1296 ac
2473 1231 2749 1317 despica-

331 1337 614 1400 tissimo
660 1334 1055 1400 antelaturus
1071 1332 1141 1400 'P’

457 1437 794 1504 Consilium
850 1440 1038 1505 datur
1081 1442 1197 1524 iis,
1247 1443 1358 1523 qui
1407 1440 1580 1505 domi
1626 1447 1855 1527 petunt
1872 1488 1889 1520 ,
1926 1442 2226 1505 auxilium
2272 1445 2342 1506 in
2386 1441 2521 1507 foro
2540 1492 2559 1524 ,
2608 1465 2751 1506 auc·

329 1550 574 1608 toritas
630 1551 884 1610 senatus
947 1555 1079 1623 est;
1140 1548 1527 1610 conveniunt
1573 1566 1725 1633 erg-o
1772 1547 1928 1611 haec
1978 1549 2180 1612 tribus
2225 1545 2395 1612 illis:
2450 1548 2753 1624 „celebri-

328 1653 568 1714 tatem
633 1650 1038 1733 domesticam,
1098 1670 1352 1735 operam
1402 1651 1748 1734 forensem,
1798 1654 2175 1716 sententiam
2224 1653 2622 1716 senatoriam”
2670 1654 2751 1719 ad

277 1813 284 1818 .
333 1775 530 1840 quae
575 1755 1048 1841 interpretanda
1094 1756 1410 1842 adscripta
1455 1777 1590 1824 esse
1635 1756 1954 1824 videntur.
2006 1762 2265 1822 Auidus
2311 1760 2441 1823 iam
2492 1758 2755 1825 seclusit

333 1859 678 1927 Baiterus.

446 2073 530 2138 In
589 2072 728 2141 loco
785 2085 1078 2161 corrupto
1124 2077 1162 2158 ξ
1209 2073 1331 2140 66:
1385 2073 1814 2153 „Convivinm
1862 2075 2195 2161 publicum
2240 2097 2365 2142 non
2415 2077 2751 2166 dignitatis

340 2199 552 2246 causa
620 2182 812 2246 inibit
876 2217 964 2230 ——
1009 2184 1134 2246 nisi
1202 2182 1363 2248 forte
1431 2188 1506 2247 ut
1575 2203 1723 2247 cum
1794 2184 2084 2268 patribus
2152 2186 2523 2270 conscriptis
2543 2234 2562 2269 ,
2633 2185 2753 2252 hoc

343 2291 490 2366 est,
551 2305 702 2352 cum
757 2287 1081 2351 maim-ibus
1142 2289 1274 2353 suis
1337 2294 1517 2354 cenet
1563 2325 1648 2336 -—
1672 2335 1687 2365 ,
1738 2288 1850 2353 sed
1894 2287 2081 2373 plane
2128 2292 2328 2355 animi
2376 2293 2476 2355 sui
2526 2290 2749 2356 causa”

346 2395 482 2457 etsi
551 2390 762 2457 multa
833 2393 1066 2467 dubia,
1141 2401 1354 2458 tamen
1426 2414 1590 2457 unus
1657 2392 1736 2456 V.
1764 2440 1779 2470 ,
1848 2402 2065 2459 contra
2126 2393 2199 2459 Τ.
2288 2403 2353 2460 et
2436 2395 2747 2480 reliquos,

345 2505 531 2563 recte
602 2499 796 2563 habet
857 2499 1254 2574 mucoribus,
1331 2499 1523 2562 modo
1599 2497 1845 2583 reliqua
1929 2499 2375 2570 emendentur:
2454 2521 2603 2564 nam
2674 2508 2748 2566 ut

354 2609 620 2689 „patres
681 2604 1060 2688 conscripti”
1127 2606 1385 2669 omnino
1448 2603 1743 2668 dicantur
1803 2606 2041 2688 impuri
2062 2650 2077 2679 ,
2142 2607 2212 2668 in
2271 2608 2410 2689 ipso
2473 2626 2748 2689 praeser-

349 2712 485 2775 tim
557 2718 817 2793 senatu,
883 2710 1136 2794 probari
1199 2729 1322 2774 non
1383 2717 1609 2794 potest.
1703 2708 1841 2773 Nec
1888 2716 2103 2773 tamen
2149 2710 2222 2775 P.
2279 2711 2507 2788 clodio,
2580 2711 2748 2796 quod

348 2820 606 2883 veteres
661 2816 1000 2897 editiones,
1061 2814 1231 2881 male
1277 2814 1604 2881 intellecto
1650 2816 2025 2899 compendio
2074 2815 2147 2879 P.
2198 2813 2268 2881 O.
2318 2836 2429 2901 pro
2462 2816 2748 2901 patr-ibus

349 2922 706 3005 conscriptio
751 2922 1021 3005 habent,
1072 2920 1304 2987 melius
1351 2926 1447 2987 est
1493 2921 1661 3006 (,‚ut'
1687 2941 1835 2985 cum
1886 2920 1958 2985 P.
2009 2918 2251 2992 Clodio.
2294 2921 2412 2987 hoc
2456 2929 2554 2988 est
2594 2944 2747 2989 cum

349 3028 660 3092 amoribus
696 3025 870 3091 suis”
919 3030 1008 3091 sic
1057 3026 1390 3091 Manutius
1437 3028 1662 3113 coni.),
1713 3047 1859 3091 nam
1916 3026 1990 3089 P.
2040 3023 2337 3092 Clodium
2388 3026 2540 3093 alibi
2588 3048 2747 3112 quo-

351 3154 484 3218 que
527 3138 774 3219 poterat
821 3135 1180 3199 convenire.
1232 3132 1529 3197 Pace-ibus
1575 3133 1925 3215 conscriptis
1972 3133 2239 3198 totidem
2281 3132 2515 3198 litteris
2552 3133 2743 3199 habet

351 3238 434 3305 Τ.
485 3238 828 3304 Manifesto
869 3259 1053 3319 qenue
1098 3239 1347 3323 aliquod
1389 3244 1644 3321 patrum
1693 3240 2195 3323 conscriptorum
2242 3238 2591 3326 significari
2639 3241 2744 3306 de·

351 3346 488 3410 bet.
559 3342 768 3431 Lego:
837 3350 952 3420 „ut
1011 3365 1160 3409 cum
1225 3346 1482 3407 Panibus
1535 3350 1632 3408 eui
1687 3344 1986 3409 mnibus
2032 3348 2435 3430 conscriptis,
2484 3347 2603 3412 boc
2647 3352 2745 3413 est

352 3472 508 3517 cum
559 3451 950 3515 amatoribus
997 3452 1156 3523 suis,
1211 3448 1447 3513 cenet.”
1515 3448 1713 3514 Inibit
1759 3452 2169 3526 convivium,
2215 3470 2339 3515 non
2382 3452 2548 3535 quod
2600 3453 2741 3540 dig·

345 3576 476 3621 nus
540 3564 636 3620 est
697 3574 772 3620 eo
831 3553 1064 3619 honore
1131 3555 1279 3636 (non
1329 3555 1497 3639 quod
1545 3576 1613 3620 se
1661 3554 1889 3642 dignos
1928 3556 2236 3639 inveniet)
2282 3591 2369 3605 —-
2409 3560 2534 3621 nisi
2580 3558 2740 3623 forte

345 3668 426 3728 nt
475 3660 719 3747 aliquot
763 3682 830 3726 se
879 3662 1105 3748 dignos
1153 3676 1468 3726 senatores
1514 3661 1905 3726 lubidinosos
1956 3663 2238 3725 inveniat
2281 3697 2364 3709 —
2401 3662 2511 3727 sed
2535 3661 2741 3728 oblec-

345 3770 612 3834 tationis
657 3788 866 3833 causa.
921 3764 1130 3833 Causa
1177 3768 1539 3831 omissionis
1582 3768 1652 3829 in
1698 3772 2021 3851 promptu.

438 3979 685 4049 Ibidem
758 3984 1069 4063 quantum
1131 3998 1207 4042 ex
1272 3979 1513 4043 acervis
1574 3977 1917 4042 verborum
1986 3979 2300 4043 sententia
2368 3977 2530 4044 effici
2599 3987 2739 4065 pot·

344 4092 480 4170 est,
551 4086 670 4151 hoc
738 4083 948 4149 voluit
1015 4080 1275 4150 Cicero:
1342 4085 1396 4147 si
1457 4083 1618 4148 sorte
1681 4084 1923 4168 putatis
1984 4083 2153 4149 hunc
2190 4087 2557 4170 improbum
2598 4089 2735 4171 qui-

347 4191 534 4269 dem,
597 4190 706 4255 sed
768 4189 1036 4254 eundem
1105 4190 1527 4254 abstinentem
1589 4198 1654 4254 et
1719 4192 1987 4267 durum,
2055 4197 2270 4255 contra
2331 4192 2555 4257 scitote
2601 4214 2735 4261 esse

345 4300 545 4361 etiam
615 4296 1014 4361 luxuriosum
1088 4301 1152 4359 et
1225 4294 1660 4360 libidinosum.
1755 4293 1969 4360 Verba
2037 4302 2219 4365 sunt:
2297 4318 2483 4374 „nam
2565 4301 2732 4383 quod

347 4402 530 4467 vobis
591 4402 712 4466 iste
777 4407 1030 4466 tantum
1095 4399 1283 4467 modo
1347 4402 1718 4485 improbus,
1767 4400 2069 4477 crudelis,
2119 4402 2272 4468 olim
2322 4404 2729 4491 furunculus,

344 4528 514 4575 nunc
579 4528 726 4575 vero
787 4510 986 4574 etiam
1049 4526 1277 4595 rapax,
1326 4507 1494 4595 quod
1538 4507 1866 4594 sordidus,
1912 4508 2081 4593 quod
2126 4519 2469 4579 contumax
2492 4559 2510 4593 ‚
2557 4513 2725 4600 quod
