3414 5158
1545 310 1774 358 mro,
2768 289 2855 357 53

458 477 764 560 μωρίας
827 474 1135 558 εἴργεσθαι
1197 476 1318 557 χρὴ
1367 475 1516 549 τὰς
1567 473 1988 547 τοιαύτας.
2084 473 2269 541 Nihil
2312 477 2577 541 interest
2622 478 2845 540 utrum

461 588 673 652 ταῦτα
720 584 893 651 dicas
912 631 928 661 ‚
975 604 1058 649 an
1094 583 1210 656 τὰς
1264 581 1558 663 τιμωρίας
1609 580 1730 653 τὰς
1779 580 2099 653 τοιαύτας.
2163 579 2291 647 Sed
2330 580 2450 647 hoc
2496 579 2677 646 illius
2718 600 2853 647 esse

459 690 778 781 glossema
837 690 1247 756 manifestum
1311 693 1423 754 est.
1519 686 1687 753 Nam
1750 688 1875 753 nisi
1941 708 1975 753 e
2038 688 2331 775 margine
2400 686 2659 752 illatum
2716 689 2849 771 est,

464 798 617 885 quid
677 816 902 863 causae
961 796 1086 861 fuit
1149 816 1262 861 cur
1321 795 1827 861 distraheretur?
1888 794 2218 860 Nimirum
2262 814 2445 861 voces
2493 793 2741 859 duobus
2784 798 2850 857 in

449 904 618 972 'locis
681 906 948 970 omissas
1009 923 1144 968 esse
1182 902 1390 969 scriba
1435 902 1704 967 credidit
1724 950 1739 977 ,
1788 907 1853 967 et
1898 922 2012 989 pro
2058 902 2317 989 ingenio
2362 900 2532 967 unde
2576 900 2849 966 excidis-

461 1016 602 1077 sent
659 1010 997 1076 divinavit.
1091 1006 1270 1074 Idem
1318 1008 1562 1073 factum
1607 1007 1894 1074 vidimus
1936 1011 2005 1073 in
2051 1006 2216 1073 libro
2264 1007 2511 1073 decimo
2560 1005 2713 1072 904.
2762 1008 2845 1073 A.

459 1117 572 1181 ubi
638 1118 964 1182 annotatio
1020 1116 1172 1181 ἀλλ’
1231 1116 1338 1180 οὐκ
1402 1116 1628 1179 αἰώνιον
1689 1114 1969 1194 καθαπερ
2016 1116 2065 1179 οἱ
2116 1113 2258 1179 κατ’
2308 1114 2477 1179 δυῐὸν
2522 1112 2687 1186 ὄντες
2736 1113 2851 1179 θεοὶ

461 1222 780 1308 discerpta
839 1228 904 1287 et
950 1224 1245 1306 corrupta
1295 1222 1364 1285 in
1410 1220 1690 1287 diversas
1738 1222 2037 1287 orationis
2086 1226 2297 1305 partes
2344 1220 2687 1286 distributa
2732 1226 2851 1286 est.

551 1328 717 1394 Ibid.
766 1327 843 1392 B.
892 1326 1096 1416 Lege,
1147 1326 1280 1407 περ)
1331 1328 1496 1412 (τοῦ)
1543 1327 1662 1392 τῶν
1711 1326 1979 1404 νομίμων
2030 1324 2340 1405 εἴργεσθαι
2364 1372 2382 1403 ‚
2424 1329 2489 1391 et
2530 1346 2683 1392 mox
2705 1332 2850 1411 post

459 1434 648 1515 Φόνου
694 1434 963 1500 τοιούτου
1011 1430 1258 1518 expelle
1305 1432 1646 1497 molestam
1685 1434 2088 1498 iterationem
2130 1433 2359 1498 τούτων
2400 1432 2642 1503 κτείνας
2684 1431 2848 1498 τινά.

461 1539 585 1606 Sed
646 1560 806 1625 quae
867 1543 1218 1623 sequuntur
1277 1536 1465 1621 plane
1524 1557 1765 1603 novum
1815 1536 2184 1603 carnificum
2231 1558 2435 1625 genus
2480 1538 2663 1602 nobis
2710 1558 2853 1623 proq

463 1644 710 1710 ferunt:
762 1645 810 1708 οἱ
851 1650 966 1708 τῶν
1006 1642 1267 1711 δικαιῶ-ῶν
1311 1640 1600 1724 ὑπηρέται
1651 1642 1782 1707 καὶ
1832 1640 2263 1722 ἄρχοντες.
2316 1642 2507 1731 Lege,
2559 1643 2850 1724 κατάρ-

461 1772 556 1830 χο
575 1775 604 1813 ν
621 1772 702 1814 τε
718 1775 770 1822 ς.
817 1748 1077 1815 Famuli
1121 1747 1449 1814 hominem
1497 1748 1795 1814 occidunt
1815 1798 1831 1823 ,
1880 1749 2106 1815 deinde
2154 1751 2571 1837 magistratus
2608 1748 2843 1835 lapida-

461 1858 700 1923 tionem
766 1854 925 1921 dicis
970 1875 1161 1921 causa
1208 1876 1322 1940 pro
1367 1857 1544 1920 omni
1593 1856 1859 1921 civitate
1904 1854 2257 1940 perficiunt.
2356 1854 2479 1921 Sed
2524 1856 2678 1941 quid
2725 1856 2849 1922 sibi

462 1962 606 2029 vult
673 1960 1112 2039 ἐκβαλλόντων
1175 1963 1275 2043 τῷ
1323 1960 1525 2043 νόμῳ
1575 1960 1957 2042 ἄταφονῗ
2003 1962 2289 2028 Scribam
2337 1963 2623 2047 suspicor
2669 1961 2846 2029 aliud

465 2074 762 2155 agentem
849 2069 1114 2135 eandem
1196 2067 1512 2155 syllabam
1597 2069 1698 2134 bis
1766 2071 2123 2154 scripsisse:
2198 2068 2634 2148 ἐκβαλλόντων
2705 2094 2845 2135 των.

453 2174 698 2241 Deinde
759 2182 872 2261 qui
925 2175 1040 2241 illo
1103 2175 1464 2262 apographo
1529 2174 1832 2241 utebatur
1849 2227 1869 2250 ‚
1940 2176 2107 2261 quod
2152 2175 2349 2241 litura
2394 2176 2843 2262 corrigendum

457 2288 592 2348 erat
639 2283 1000 2361 coniectura
1043 2283 1388 2367 speciosius
1433 2281 1690 2347 reddere
1730 2281 1965 2347 maluit
1979 2330 1993 2359 ‚
2040 2286 2105 2347 et
2144 2302 2223 2347 ex
2260 2284 2383 2347 τῶν
2421 2284 2505 2364 τῷ
2530 2266 2590 2351 ᾖ
2616 2282 2843 2349 effecit.

544 2385 707 2453 Ibid.
757 2385 830 2454 C.
881 2383 944 2459 ὃς
993 2384 1070 2451 ἂν
1117 2388 1332 2451 ἑαυτὸν
1381 2387 1584 2467 κτείνῃ
1635 2436 1650 2451 .
1683 2434 1700 2451 .
1737 2437 1749 2451 .
1783 2434 1799 2452 .
1847 2388 2043 2471 ἀργίᾳ
2092 2388 2157 2453 δὲ
2203 2388 2309 2453 καὶ
2356 2389 2683 2471 ἀνανδρίας
2725 2390 2844 2455 δει-

459 2494 569 2575 λίᾳ.
629 2493 824 2571 ἑαυτῷ
894 2492 1064 2566 δίκην
1122 2490 1326 2556 ἄδικον
1386 2492 1580 2573 ἐπιθῇ.
1675 2490 2017 2558 Subtilitas
2080 2492 2409 2559 Platonica
2455 2497 2833 2582 interpretes

457 2597 706 2665 fefellit.
801 2597 926 2678 Qui
973 2603 1241 2663 mortem
1289 2597 1412 2662 sibi
1459 2599 1794 2663 consciscit
1810 2647 1828 2681 ‚
1876 2600 1933 2662 is
1978 2619 2045 2663 se
2090 2597 2371 2665 damnat.
2466 2599 2669 2666 Cuius
2715 2623 2844 2668 sce·

454 2701 647 2771 letis?
711 2703 906 2769 Δειλί
921 2727 964 2768 α
984 2727 1049 2779 ς,
1117 2705 1372 2787 opinor:
1451 2700 1578 2769 Sed
1640 2723 1767 2788 qua
1826 2724 1893 2768 re
1940 2703 2242 2769 inductus
2286 2703 2602 2770 iniustum
2650 2705 2728 2772 de
2776 2727 2843 2773 se

451 2810 766 2876 iudicium
813 2806 1294 2895 pronuntiavit?
1347 2807 1576 2892 Ἀργίᾳ
1625 2810 1731 2874 καὶ
1778 2809 2137 2894 ἀνανδρίᾳ.
2188 2809 2361 2886 Quid
2402 2809 2725 2896 apertius?

543 2915 706 2983 Ibid.
755 2915 832 2982 D.
885 2911 1029 2981 εἶτα
1071 2915 1128 2980 ἐν
1171 2923 1298 2989 τοῖς
1337 2921 1454 2981 τῶν
1495 2915 1725 2982 δώδεκα
1768 2917 2056 2997 ὁρίοισι
2092 2923 2287 2996 μερῶν
2326 2923 2474 2982 τῶν
2514 2913 2631 2982 ὅσα
2667 2919 2841 2999 α’ργὰ

454 3023 558 3088 καὶ
609 3025 898 3101 ἀνώνυμα
945 3022 1201 3088 θάπτειν
1251 3022 1498 3095 ἀκλεεῖς
1547 3021 1771 3094 αὐτούς
1822 3047 1881 3089 ιι.
1907 3046 1967 3088 τ.
2003 3023 2051 3088 ὲ.
2103 3023 2227 3104 Qui
2274 3023 2354 3092 de
2381 3025 2621 3109 finibus
2666 3046 2840 3093 som-

451 3133 658 3198 niavit
718 3129 1111 3196 luculentam
1175 3131 1526 3195 orationem
1588 3129 2028 3214 interpolando
2078 3133 2376 3217 corrupit.
2472 3132 2685 3218 Atque
2731 3132 2839 3199 hic

450 3240 709 3325 quidem
771 3237 848 3302 de
907 3234 1041 3301 illis
1103 3235 1360 3302 videtur
1405 3237 1754 3323 cogitasse,
1802 3238 1915 3320 qui
1962 3234 2074 3314 ἔξω
2121 3243 2239 3302 τῶν
2286 3237 2453 3318 ὁρίων
2501 3239 2834 3306 eiicieban·

447 3350 588 3430 tur3
649 3346 724 3408 hi
769 3361 920 3408 vero
965 3341 1208 3424 sepeliri
1252 3342 1556 3406 iubentur
1601 3341 1662 3406 ἐν
1710 3353 1787 3424 τῇ
1834 3344 2033 3426 χώρᾳ.
2129 3343 2268 3424 Qua
2314 3345 2523 3432 igitur
2566 3345 2836 3411 infamia

443 3451 672 3516 horum
721 3447 1116 3533 sepulturam
1169 3449 1374 3512 notari
1423 3445 1674 3514 voluit?
1721 3447 1969 3534 Nempe
2015 3447 2261 3531 τάφους
2309 3448 2362 3513 δ’
2409 3445 2563 3515 εἶναι
2592 3497 2611 3516 .
2638 3497 2653 3514 .
2680 3499 2696 3515 .
2729 3499 2744 3514 .
2776 3451 2837 3514 ἔν

442 3564 568 3629 τοῖς
615 3561 732 3621 τῶν
779 3553 1012 3620 δώδεκα
1059 3555 1252 3634 μερῶν
1296 3549 1412 3618 ὅσα
1460 3555 1633 3636 ὤργα
1676 3555 1783 3620 καὶ
1829 3554 2139 3634 ἀνώνυμα.
2186 3554 2469 3622 Θοίπτειν
2508 3556 2561 3620 δ’
2586 3556 2833 3627 ἀκλεεῖς

443 3661 664 3735 αὐτούς
717 3686 773 3727 κ.
799 3685 858 3726 τ.
889 3661 936 3725 ἑ.

531 3768 684 3836 874.
737 3770 811 3834 A.
861 3767 1286 3848 προαγορεύειν
1332 3765 1396 3832 δὲ
1442 3767 1576 3832 τὸν
1621 3764 1861 3847 φόνον
1909 3766 2008 3844 τῷ
2057 3764 2497 3852 δράσαντι,
2547 3767 2653 3834 καὶ
2704 3769 2835 3833 ἐπι-

446 3873 848 3952 δικασάμενον
920 3876 981 3940 ἐν
1041 3875 1242 3956 ἀγορᾷ
1306 3869 1563 3952 κηρῦξαι
1624 3873 1711 3952 τῷ
1774 3871 2083 3938 κτείναντι
2149 3872 2253 3938 τὸν
2302 3873 2405 3938 καὶ
2455 3874 2561 3940 τόν
2610 3898 2665 3941 κ.
2694 3899 2751 3940 τ.
2784 3877 2831 3940 ὲ.

446 3981 759 4062 Quoniam
827 3981 854 4046 ὃ
915 3979 1146 4057 δράσας
1205 3981 1468 4066 ignotus
1515 3983 1641 4055 est,
1694 3980 1727 4053 ἦ
1779 3978 2089 4059 πρόρρησις
2138 3981 2463 4047 neminem
2513 3981 2832 4068 appellat,

440 4087 549 4153 sed
612 4083 684 4150 fit
730 4087 816 4168 τῷ
865 4085 1169 4150 κτείναντι
1225 4083 1328 4149 τὸν
1374 4083 1478 4148 καὶ
1525 4083 1648 4150 τόν.
1746 4083 2061 4164 Quorsum
2110 4089 2315 4174 igitur
2362 4086 2465 4152 τὸν
2510 4087 2699 4168 Φόνον
2744 4090 2833 4170 τῷ

393 4192 732 4275 ·δροἰσαντι
798 4191 1058 4257 illatum
1123 4187 1264 4255 est?
1333 4188 1478 4255 Nisi
1539 4211 1644 4256 me
1709 4192 1924 4257 omnia
1986 4191 2253 4272 fallunt,
2304 4193 2829 4280 supplementum

432 4299 552 4367 hoc
599 4305 698 4366 est
741 4297 990 4364 librarii
1037 4295 1330 4362 lacunam
1377 4301 1452 4362 ut
1495 4304 1742 4383 poterat
1787 4298 2121 4384 explentis.
2214 4299 2395 4375 Quod
2443 4315 2659 4367 autem
2724 4303 2821 4366 in-

433 4405 768 4474 terciderat
784 4455 804 4492 ‚
863 4424 1068 4490 neque
1107 4401 1285 4472 salva
1328 4404 1606 4470 oratione
1651 4405 1867 4472 abesse
1914 4411 2151 4492 potest,
2200 4405 2391 4496 longe
2436 4407 2694 4477 diversu
2719 4428 2787 4472 m
