3414 5158
1409 341 1731 393 nomos.
2091 343 2098 347 ·
2635 295 2766 392 3‘45

378 522 499 574 λων
567 508 778 582 ἔνεςῶς
801 562 817 589 ,
879 505 947 576 οὗ
1008 509 1037 575 ὃ
1100 508 1433 584 παθητικός
1495 507 1794 588 δύσομαι,
1861 509 1889 573 ὃ
1953 509 2380 590 παρατατικὸς
2430 508 2727 588 ἔδυτόμην
2746 558 2765 589 ,

377 613 622 681 ἐδύσετο
669 616 797 682 κτέ.
865 615 1093 701 Itaque
1126 616 1441 710 habemus
1476 615 1900 682 indicativum
1942 615 2218 693 ἐδύσετο,
2267 637 2416 682 nam
2444 614 2768 682 Homerus

283 735 295 742 ’“
377 724 479 787 uti
544 723 725 790 vides
791 744 829 788 a
895 725 1105 808 prima
1171 742 1435 807 persona
1495 722 1812 788 abstinere
1874 721 2096 787 debuit
2157 726 2224 788 et
2285 724 2764 808 conjunctivum

375 827 652 905 δύσωμαι
673 876 690 907 ,
738 831 923 894 cuius
968 827 1257 896 vocalem
1302 833 1487 913 poeta
1532 827 1611 894 de
1656 847 1835 894 more
1876 827 2182 912 corripere
2222 828 2496 912 poterit,
2539 833 2618 893 et·
2643 829 2766 893 im-

375 936 737 1020 perativum
801 934 975 1000 δύσεο
994 984 1013 1019 ,
1073 933 1183 1000 sed
1242 934 1685 1000 incommodae
1730 933 1972 1000 formae
2019 938 2170 998 sunt
2215 933 2502 1010 δυσοίμην
2519 981 2536 1011 ,
2585 935 2766 1001 δύσε-

375 1036 528 1105 σθαι
576 1045 641 1106 et
686 1037 1008 1118 δυσόμενος
1054 1045 1310 1126 propter
1354 1041 1557 1118 futuri
1622 1023 1928 1126 temporis
1989 1041 2519 1106 convenientiam.
2592 1039 2766 1107 Hinc

373 1148 739 1213 invenimus
802 1156 856 1210 Ο
912 1145 1077 1212 12οε
1142 1145 1296 1212 ἔντε’
1362 1145 1637 1224 ἐδύσετο,
1706 1146 1757 1224 β
1807 1144 1938 1212 388
2004 1150 2068 1212 et
2127 1171 2173 1224 y
2224 1143 2392 1210 487:
2441 1144 2661 1211 δύσετό
2705 1147 2767 1212 τ’

378 1250 569 1328 ήέλιος
598 1302 613 1330 ,
687 1250 857 1318 2¹76:
930 1253 1105 1319 δύσεο
1175 1252 1239 1318 δὲ
1307 1260 1659 1336 μνηςῆρας,
1729 1262 1788 1319 Λ
1839 1250 2003 1318 496:
2056 1251 2384 1317 ἀνεδύσετο
2429 1256 2607 1328 κῦμα
2654 1254 2768 1318 θα-

380 1357 659 1437 λάσσης,
706 1357 746 1439 ζ
792 1358 957 1426 127:
1008 1359 1251 1436 θάμνων
1300 1359 1673 1434 ὑπεδύσετο,
1725 1359 1901 1425 alibi.
1995 1357 2150 1424 Esse
2197 1364 2414 1424 autem
2455 1360 2770 1426 aoristum

380 1469 635 1549 tempus
696 1465 1087 1550 minimeque
1146 1465 1593 1550 imperfectum
1614 1512 1631 1541 ,
1696 1463 1860 1530 effici
1904 1467 2141 1551 poterit
2187 1485 2266 1530 ex
2311 1466 2392 1530 iis
2438 1485 2600 1549 quae
2645 1462 2766 1531 Co·

375 1570 562 1636 betus
630 1570 983 1657 disputavit
1052 1571 1135 1637 ad
1195 1596 1228 1646 η
1292 1568 1425 1637 289
1449 1617 1466 1646 ,
1535 1571 1760 1636 Mnem,
1810 1569 1934 1637 XV
1981 1568 2134 1636 269.
2229 1569 2355 1636 Sed
2419 1569 2768 1636 admodum

376 1677 617 1742 mirum
677 1681 772 1742 est
818 1677 1231 1762 participium
1278 1702 1321 1742 α
1372 1675 1493 1741 25:
1545 1678 1596 1741 οἰ
1646 1677 1763 1754 μὲν
1812 1675 2138 1754 δυσομένου
2184 1675 2528 1757 Ὑπερίονος
2550 1723 2566 1755 ,
2613 1677 2664 1741 οἰ
2717 1675 2770 1741 δ’

374 1781 641 1853 οἰνιόντος
663 1831 677 1856 ,
728 1783 841 1848 ubi
893 1785 1308 1849 temerarium
1352 1782 1617 1849 fortasse
1662 1789 1760 1848 est
1806 1782 2090 1862 δυομένου
2136 1804 2470 1870 reponere,
2513 1785 2774 1850 etiamsi

379 1888 658 1973 primam
722 1887 1039 1976 syllabam
1104 1891 1421 1975 praesenti
1466 1895 1751 1975 tempore
1803 1888 2176 1974 productam
2225 1889 2477 1955 facilius
2524 1889 2774 1955 laturus

380 1996 507 2060 sim
549 2016 742 2081 quam
781 1994 1247 2062 Herwerdenus
1283 1995 1435 2062 fecit
1475 1997 1541 2060 in
1577 1994 2068 2076 Quaestionibus
2089 1994 2305 2082 Epicis
2329 2016 2389 2081 p.
2421 1994 2482 2060 6.
2531 1983 2769 2061 Itidem

381 2101 690 2167 habemus
740 2102 907 2187 apud
946 2101 1303 2168 Homerum
1355 2100 1653 2186 ἐβήσετο,
1696 2103 2120 2181 κατεβήσετο,
2164 2101 2509 2180 ἐπεβήσετο
2549 2108 2615 2168 et
2647 2104 2772 2166 im-

378 2209 697 2291 perativos
743 2207 1113 2285 καταβήσεο
1157 2212 1223 2273 et
1271 2207 1565 2285 ἐπιβήσεο
1613 2226 1687 2273 ac
1733 2213 2056 2293 praeterea
2096 2209 2526 2292 conjunctivum
2567 2231 2771 2273 κατα-

316 2341 323 2346 ·
379 2314 651 2392 βήσεται
701 2323 756 2378 Ο
806 2311 977 2380 282:

659 2419 709 2483 οἰ
757 2419 832 2496 δ’,
880 2417 953 2490 ὥς
1002 2441 1073 2482 τε
1120 2417 1298 2496 μέγα
1348 2423 1525 2495 κῦμα
1576 2418 1898 2492 θαλάσσης
1945 2418 2286 2500 εὐρυπόροιο

659 2522 791 2599 νηὸς
845 2522 991 2605 ὑπὲρ
1038 2522 1265 2603 τοίχων
1314 2523 1797 2604 καταβήσεται,
1846 2523 2069 2590 ὄππότ’
2119 2525 2344 2609 ἐπείγῃ

655 2633 716 2704 lc
757 2628 1012 2709 αἰνέμου.

382 2738 611 2804 Itidem
658 2738 969 2804 babemus
1014 2739 1472 2822 imperativum
1514 2734 1744 2816 ἄξετε,
1793 2734 2142 2802 infinitivos
2189 2736 2420 2815 ἀξέμεν
2469 2743 2534 2803 et
2577 2761 2770 2803 κατα-

380 2844 567 2923 ξέμεν
612 2851 678 2911 et
722 2843 939 2920 ἄξοντο
989 2853 1044 2908 Θ
1096 2842 1225 2907 545
1276 2849 1339 2908 et
1384 2840 1620 2919 ἄξεσθε
1669 2844 2128 2928 imperativum
2180 2853 2232 2908 Θ
2288 2842 2442 2909 505.
2527 2842 2772 2910 Deinde

382 2954 652 3018 aoristus
714 2956 815 3018 est
870 2944 1031 3029 ἷξον,
1080 2944 1243 3027 ἷξες,
1292 2944 1385 3027 ἷξε
1429 2949 1635 3016 veluti
1682 2974 1729 3027 y
1779 2948 1863 3014 31
1916 2952 1978 3015 et
2030 2949 2063 3013 δ
2117 2952 2144 3013 1
2199 2954 2264 3015 et
2309 2951 2771 3034 imperativum
2897 2950 2904 2956 “

381 3054 555 3133 λέξεο
602 3067 629 3121 1
680 3054 811 3122 617
859 3062 926 3121 et
968 3054 1131 3134 ὄρσεο
1150 3102 1167 3134 ,
1216 3056 1387 3141 quod
1430 3058 1587 3122 satis
1633 3056 1852 3121 crebro
1889 3056 2236 3122 invenitur.
2329 3054 2620 3141 Denique
2651 3058 2772 3120 im·

377 3165 653 3248 perativi
698 3166 849 3226 sunt
898 3162 1107 3227 οἰσέτω
1130 3207 1146 3239 ,
1190 3160 1387 3227 οἴσετε
1439 3174 1505 3227 et
1550 3160 1912 3227 infinitivus
1959 3160 2198 3243 οἰσέμεν
2245 3184 2291 3237 y
2342 3157 2474 3224 429
2515 3165 2580 3225 et
2617 3160 2770 3225 οἰσέ-

378 3291 562 3346 μεναι
608 3276 655 3331 Γ
710 3265 859 3331 120.
940 3265 1047 3331 Sic
1095 3264 1503 3331 confirmatur
1551 3267 1718 3352 quod
1768 3287 1960 3352 supra
2007 3266 2335 3332 dicebam:
2376 3265 2602 3331 harum
2647 3266 2771 3332 for-

379 3394 633 3440 marum
696 3371 1083 3437 indicativus
1147 3374 1491 3455 reperitur,
1539 3374 1996 3457 imperativus,
2049 3374 2254 3438 etiam·
2293 3372 2766 3457 conjunctivus,

378 3478 487 3545 sed
554 3479 828 3563 optativi
872 3474 1127 3541 nullum
1178 3482 1275 3542 est
1317 3479 1673 3565 vestig-ium
1697 3526 1716 3561 ,
1765 3479 2176 3563 participium
2227 3477 2550 3555 δυσόμενος
2596 3479 2772 3545 haud

380 3604 509 3655 uno
576 3586 832 3650 nomine
904 3588 1269 3668 suspectum
1332 3590 1459 3661 est,
1527 3583 1636 3649 sed
1698 3582 2003 3649 infinitivi
2069 3584 2432 3649 indubitata
2477 3583 2770 3671 exempla

379 3696 533 3755 sunt
577 3688 809 3766 ἀξέμεν
857 3696 923 3754 et
969 3688 1231 3765 οἰσέμεν.

470 3794 665 3862 Hisce
713 3796 1009 3861 omnibus
1056 3816 1217 3880 quae
1258 3794 1460 3883 vulgo
1505 3800 1655 3861 nota
1701 3798 1890 3877 sunt,
1931 3792 2058 3859 alia
2096 3795 2406 3879 quaedam
2445 3795 2592 3861 addi
2629 3816 2768 3882 pos-

378 3908 546 3967 sunt.
641 3900 865 3967 Veluti
911 3910 977 3965 Ω
1035 3900 1167 3966 '704
1215 3903 1637 3986 imperativus
1684 3900 1852 3964 mihi
1899 3920 2034 3965 esse
2077 3900 2370 3965 videtur:

788 4004 1024 4084 ὄψεσθε
1075 4013 1277 4087 Τρῶες
1325 4006 1429 4071 καί
1482 4005 1768 4087 Τρῳοίδες
1813 4003 2055 4085 Ἕκτορ’
2106 4002 2320 4079 ἰόντες.

378 4112 451 4179 Si
498 4113 755 4197 quidem
804 4111 1021 4176 ἀντιόω
1070 4112 1366 4178 futurum
1413 4117 1544 4190 est,
1593 4112 1884 4197 sequitur
1931 4113 2242 4177 aoristum
2293 4132 2461 4179 esse:

472 4229 529 4285 Ψ
580 4218 739 4283 643:
838 4216 911 4290 ὥς
962 4220 1099 4283 ποτ’
1152 4216 1275 4283 ἔον·
1324 4223 1421 4283 νῦν
1473 4215 1625 4284 αὖτε
1677 4218 1939 4295 νεώτεροι
1989 4216 2374 4283 ἀντιοώντων.

377 4326 611 4391 Itidem
664 4324 1085 4403 κεχολώσεται
1134 4326 1573 4411 conjunctivus
1622 4326 1844 4390 aoristi
1889 4328 1986 4389 est
2031 4346 2074 4387 ω
2127 4322 2290 4390 544:

694 4431 913 4506 μήπως
959 4453 1050 4495 τοι
1098 4432 1375 4513 Κρονίδης
1424 4433 1850 4513 κεχολώσεται
1899 4430 2168 4511 εὖρυόπα
2221 4431 2396 4509 Ζεύς,
