3414 5158
660 336 788 404 150
1649 358 2050 407 nuncnova&

746 519 1007 607 Optime
1052 521 1246 588 habet
1282 522 1734 607 imperfectum
1777 522 2129 605 ἐτύγχανον
2169 521 2710 604 συςρατευόμενοι,
2747 524 2857 590 sed
2895 527 3050 609 quia

650 631 829 695 semel
872 630 1170 717 fugerant
1216 630 1665 718 corrigendum
1715 636 1811 697 est
1858 628 2133 713 ἔφτγον.

740 734 921 801 Sitne
967 734 1316 824 legendum
1366 741 1601 818 φυγεῖν
1648 759 1729 803 an
1776 738 2066 818 Φεύγειν,
2116 738 2345 816 βαλεῖν
2392 758 2472 803 an
2519 735 2813 817 βάλλειν,
2839 744 3048 803 λιπεῖν

651 862 731 907 an
778 841 1049 925 λείπειν,
1100 841 1382 921 α’γαγεῖν
1428 863 1509 909 an
1557 842 1739 921 ἄγειν
1785 846 1983 909 nostri
2031 848 2126 908 est
2175 843 2409 928 ubique
2454 843 2718 922 iudicii,
2767 864 3048 929 namque

650 948 717 1011 in
779 946 1073 1013 omnibus
1120 946 1303 1014 libris
1349 960 1653 1036 perpetuo
1698 948 1816 1014 illa
1861 951 2076 1015 omnia
2119 952 2290 1015 inter
2337 970 2404 1014 se
2453 948 2946 1015 confunduntur.

739 1160 857 1227 VI.
910 1160 983 1227 9:
1032 1161 1165 1228 οὐδὲ
1209 1167 1327 1245 σφι
1376 1163 1515 1229 οὔτε
1562 1164 1647 1229 τὰ
1694 1163 1796 1243 lp&
1843 1162 1984 1228 οὔτε
2032 1163 2117 1227 τὰ
2165 1162 2294 1229 ἴδια
2339 1164 2866 1244 ἐμΠΕπρήσεται.

744 1267 1127 1334 Mendosum
1192 1274 1289 1334 est
1351 1270 1519 1355 quod
1564 1273 1629 1335 in
1682 1270 1827 1336 aliis
1873 1269 2058 1355 libris
2105 1275 2201 1335 est
2247 1270 2654 1349 ε’μπρήσεται.
2707 1268 2823 1334 Est
2869 1270 3042 1334 enim

648 1375 1127 1453 ε’μπίμπρασθαι
1177 1376 1245 1439 in
1292 1387 1513 1443 eorum
1562 1376 1904 1442 verborum
1945 1397 2236 1453 numere,
2279 1396 2552 1461 quorum
2583 1376 2867 1463 futurum
2897 1398 3042 1459 per-

626 1482 797 1566 fecti
842 1501 956 1565 pro
1003 1481 1193 1547 solita
1240 1482 1445 1547 futuri
1490 1482 1696 1547 forma
1743 1484 1812 1546 in
1861 1504 1982 1547 usu
2031 1487 2162 1567 est,
2213 1488 2288 1548 ut
2335 1481 2611 1547 δεδέσθαι
2659 1481 3036 1559 δεδήσομαι,

643 1608 771 1652 non
832 1586 1201 1667 δεθήσομαι,
1266 1593 1331 1654 et
1378 1590 1703 1673 imprimis
1751 1590 2100 1667 πεπρᾶσθαι
2147 1586 2586 1673 πεπρασομαι,
2633 1610 2760 1654 non
2809 1588 3041 1667 πραθή-

645 1717 857 1770 σομαι.
952 1694 1196 1761 Eadem
1242 1696 1407 1760 ratio
1456 1700 1553 1760 est
1599 1696 1669 1759 in
1716 1695 1982 1776 εἰρῆσθαι
2025 1700 2091 1760 et
2137 1694 2465 1775 εἰρήσεται.

736 1904 854 1971 VI.
906 1904 983 1971 9:
1030 1907 1083 1971 οἷ
1128 1905 1241 1983 μὲν
1288 1905 1358 1979 δὴ
1408 1904 1623 1984 ἔλεγον
1668 1904 1888 1971 τάδε.

732 2010 876 2077 Imo
924 2032 1107 2078 vero:
1160 2008 1376 2088 ἔλεγον
1421 2017 1722 2090 ταῦτα,
1763 2016 1840 2077 ut
1879 2011 2110 2077 diserte
2147 2012 2216 2077 in
2255 2008 2489 2079 Codice
2525 2012 2818 2078 Romano
2841 2014 3039 2098 scrip-

646 2120 790 2181 tum
837 2122 952 2183 est.

732 2326 843 2393 VI.
900 2327 1019 2393 11:
1072 2329 1124 2395 εἶ
1172 2328 1237 2394 δὲ
1282 2328 1571 2412 μαλακίῃ
1616 2352 1687 2393 τε
1735 2328 1839 2393 καὶ
1889 2328 2118 2411 ἀταξίη
2163 2328 2618 2410 διαχρήσΗσθε.

730 2432 989 2501 Soloeca
1036 2436 1190 2501 haee
1236 2438 1436 2502 oratio
1485 2442 1601 2503 est.
1638 2434 2016 2521 Requiritur
2053 2436 2514 2518 διαχρήσεσθε,
2558 2436 2727 2521 quod
2767 2438 2833 2501 in
2875 2434 3033 2503 cod.

641 2540 703 2606 R
762 2547 1087 2608 servatum
1153 2548 1269 2609 est.
1362 2541 1647 2628 Utroque
1709 2541 1898 2609 modo
1958 2549 2127 2610 reete
2179 2548 2244 2610 et
2291 2543 2512 2611 eodem
2561 2564 2750 2610 sensu
2799 2542 3036 2609 dicitur

638 2647 708 2724 ἣν
774 2647 1185 2728 διαχρήσησθε
1251 2653 1315 2715 et
1378 2651 1429 2715 εἲ
1482 2645 1924 2730 διαχρήσεσθε,
1971 2649 2081 2716 sed
2130 2651 2181 2714 εἰ
2229 2671 2379 2715 cum
2425 2652 2836 2716 coniunctivo
2881 2669 3031 2715 oon-

640 2754 935 2820 iunctum
986 2755 1291 2822 vitiosum
1338 2760 1455 2821 est.

723 2965 837 3032 VI.
886 2965 1015 3033 11:
1078 2966 1229 3032 ἀλλ’
1289 2967 1426 3046 ἐμοί
1483 2983 1555 3032 τε
1620 2967 1926 3032 πΘῙθεσθε
1991 2967 2094 3032 καὶ
2159 2967 2292 3044 ἐμοὶ
2359 2967 2556 3047 ὑμέας
2622 2968 2849 3043 αὐτοὺς
2900 2969 3032 3034 ἔπι-

634 3073 939 3154 τρέψατε.

721 3179 980 3264 Repone
1060 3180 1366 3245 aoristum
1438 3179 1726 3264 πΙθεσθε,
1799 3183 1874 3243 ut
1944 3178 2350 3259 ἐπιτρέψατε.
2443 3179 2688 3248 Deinde
2756 3183 3029 3248 restitue

631 3287 986 3352 breviorem
1050 3284 1322 3350 formam
1370 3286 1835 3350 ε’λασσώσεσθαι
1883 3305 1996 3370 pro
2043 3286 2600 3360 ἐλασσωθήσεσθαι.
2697 3287 2776 3352 In
2821 3287 2885 3354 R
2929 3295 3028 3355 est

632 3391 1020 3456 ἔλασσώσθαι
1068 3393 1405 3457 manifesto
1456 3412 1661 3457 errore
1707 3411 1822 3477 pro
1873 3391 2386 3458 ἕλασσώΟΕσθαι.

720 3499 1071 3586 Longiores
1133 3497 1373 3563 formae
1420 3501 1484 3564 et
1530 3500 1671 3562 auri
1718 3496 2024 3565 molestae
2071 3499 2141 3562 in
2188 3537 2271 3546 —
2301 3500 2609 3576 ωθήσομαι
2657 3505 2724 3565 et
2770 3501 3028 3577 -ηθή-

629 3630 816 3684 σομαι
866 3605 1073 3672 veluti
1120 3602 1605 3685 ζημιωθήσομαι,
1654 3604 2168 3686 ὧφελήθήσομαι,
2211 3605 2630 3684 τιμηθήσομαι
2673 3613 2737 3672 et
2777 3607 3026 3674 similia

628 3713 853 3779 scribis
902 3711 1232 3778 debentur.

716 3923 829 3990 VI.
882 3920 998 3991 13:
1070 3921 1372 4002 μαθόντες
1442 3922 1506 3988 δὲ
1576 3927 1787 3988 ταῦτα
1857 3922 2001 4008 [τὰ]
2068 3921 2370 4002 γινόμενα
2433 3925 2502 3987 ἐκ
2551 3931 2668 3990 τῶν
2717 3927 2924 3991 Ἰώνων
2972 3927 3022 3993 οἱ

623 4030 925 4111 ςρατήγοὶ
988 4036 1105 4094 τῶν
1168 4031 1423 4107 Σαμίων
1490 4029 1756 4094 ἐνθαῦτα
1815 4027 1886 4104 δὴ
1949 4030 2097 4108 παρ’
2158 4029 2419 4102 Αἰάκεος
2472 4037 2578 4095 τοῦ
2629 4041 3020 4107 Συλοσῶντος

619 4139 843 4209 κείνους
913 4137 1053 4207 τοὺς
1126 4135 1403 4214 πρότερον
1469 4133 1715 4212 ἔπεμπε
1779 4133 2000 4213 λόγους
2071 4136 2098 4200 ὃ
2167 4136 2402 4210 Αἰάκης
2486 4139 2856 4204 κελευόντων
2902 4147 3020 4204 τῶν

624 4243 899 4323 Περσέων
962 4242 1240 4320 δεόμενός
1303 4249 1508 4322 σφεων
1568 4241 1846 4304 ἐκλιπεῖν
1893 4243 2011 4305 τῶν
2059 4243 2268 4306 Ἰώνων
2315 4243 2690 4322 συμμαχίην
2721 4267 2735 4283 ·
2783 4247 2836 4309 οἱ
2889 4247 3019 4311 Σοὶ-

626 4373 751 4423 μιοι
824 4346 898 4414 ὧν
928 4359 933 4363 ’
969 4345 1231 4429 ὁρέοντες
1304 4347 1521 4413 ἐοῦσαν
1591 4343 1736 4424 ἅμα
1798 4347 1914 4424 μὲν
1973 4344 2216 4434 (Codex
2274 4347 2336 4412 R
2398 4345 2539 4427 ἅμα
2605 4349 2720 4428 μὲν
2767 4353 3020 4434 ἐοῦσαν)

622 4453 890 4531 ἀταξίην
960 4455 1195 4530 πολλὴν
1264 4453 1331 4518 ἐκ
1400 4457 1518 4518 τῶν
1578 4451 1779 4517 Ἰώνων
1849 4451 2146 4536 [ἐδέκοντο
2209 4455 2348 4529 τοὺς
2413 4454 2708 4541 λόγονῆ,
2759 4454 2905 4537 ἅμα
2954 4457 3018 4525 δὲ
