3414 5158
1388 403 1705 455 nouimus.
1753 416 1760 422 ·
2620 382 2752 451 355

595 573 773 639 ἄλλα
820 573 1025 652 πατὴρ
1073 571 1255 649 οὑμὸς
1303 571 1483 652 Φρεσ)
1532 570 1932 646 μαίνεται
1978 571 2086 635 οὐκ
2134 569 2463 650 ιέγαθῇσιν.

370 679 712 746 Mediocris
772 685 957 764 poeta
1002 679 1126 743 fuit
1148 725 1164 757 ,
1215 680 1318 743 cui
1365 684 1662 743 octavum
1715 675 1951 741 librum
2004 676 2308 740 debemus
2353 675 2546 759 idque
2593 673 2750 739 olim

318 785 716 851 ·ostendisse
774 785 931 850 mihi
1003 784 1259 863 videor,
1320 784 1427 850 sed
1488 784 1596 848 hic
1654 802 1904 868 quoque
1951 784 2107 847 certi
2155 779 2310 846 fines
2356 786 2544 856 sunt,
2600 801 2757 865 quos

371 912 560 959 nemo
620 912 809 958 sanus
855 893 1183 979 migrabit.
1276 889 1623 956 Herculem
1673 889 2041 966 μαινόμενον
2086 890 2424 962 novimus,
2475 887 2585 952 sed
2633 909 2755 952 non

371 999 665 1077 μαίνεται
704 1000 760 1062 is
799 1000 909 1084 qui
948 1003 1159 1063 totum
1198 1002 1363 1063 nutu
1403 1017 1518 1062 suo
1556 997 1914 1062 tremefacit
1945 993 2318 1082 Olympum.
2381 993 2758 1081 Scripserim

372 1105 665 1190 equidem
713 1102 1173 1185 μάρναται,
1223 1125 1347 1190 quo
1395 1125 1581 1170 sensu
1628 1102 1910 1191 legimus
1961 1113 2014 1167 A
2065 1098 2234 1167 257:
2274 1102 2325 1166 εἷ
2368 1108 2564 1182 σφῶιν
2603 1100 2758 1166 τάδε

374 1209 590 1277 πάντα
629 1211 917 1276 πυθοίατο
958 1209 1409 1288 μαρναμένοιιν.
1484 1207 1719 1278 Contra
1758 1207 1935 1274 Mars
1971 1211 2143 1274 recte
2168 1206 2405 1274 dicitur
2426 1207 2757 1284 μαίνεσθαι

373 1327 426 1384 Ε
476 1316 645 1402 717,
696 1318 775 1383 cf.
824 1317 1073 1383 Nauck.
1128 1317 1403 1382 Bullatin
1454 1313 1655 1392 XXV,
1712 1313 1864 1378 415.

466 1539 493 1594 Ι
548 1527 673 1700 1ἶῖ
699 1576 765 1699 δέ
812 1657 915 1699 κεν
954 1637 1189 1714 Ἀργος
1237 1636 1577 1714 ἱκοίμεθ’
1627 1636 1993 1717 ’Λχαιικὸν,
2042 1630 2220 1716 οὖθαρ
2267 1636 2532 1717 ἀρούρης.

376 1742 583 1829 Lege:
632 1741 971 1818 ἱκώμεθ’.
1045 1739 1143 1808 Of.
1193 1740 1311 1822 Qu.
1365 1739 1561 1808 Hom.
1610 1763 1674 1829 p.
1723 1740 1829 1808 9¹7.
1906 1741 2135 1808 Itidem
2183 1745 2430 1829 corrig-e
2469 1763 2560 1808 vs.
2604 1740 2759 1808 283.

470 1967 496 2021 1
548 1955 716 2022 217:

607 2061 956 2143 Πάτροκλος
1004 2063 1116 2141 μὲν
1164 2071 1331 2130 σῖτον
1379 2064 1528 2130 ἑλὼν
1575 2065 1857 2142 ἐπένειμε
1905 2063 2180 2148 τραπέζῃ

606 2172 920 2234 καλοῒσ’
968 2171 1026 2234 έν
1076 2169 1407 2249 κανέοισιν,
1456 2172 1619 2252 οξτοὶρ
1668 2173 1816 2251 κρέα
1864 2179 2069 2249 νεῖμεν
2116 2170 2488 2252 Ἀχιλλεύς.

376 2275 670 2342 Otiosum
719 2281 815 2342 est
863 2276 1187 2362 epitheton
1236 2285 1509 2344 καλοῖσι·
1560 2281 1832 2344 recurrit
1871 2280 2126 2366 quidem
2173 2290 2242 2345 Ω.
2284 2277 2452 2363 626,
2493 2278 2603 2343 sed
2638 2277 2763 2342 duo

376 2381 501 2447 loci
547 2383 739 2446 unius
785 2383 985 2460 instar
1025 2391 1193 2448 sunt.
1264 2385 1577 2469 Equidem
1622 2384 1880 2469 aliquod
1921 2385 2307 2472 adjectivum
2349 2383 2543 2472 paulo
2567 2387 2766 2472 signi-

377 2485 671 2552 ficantius
718 2490 967 2570 requiro
1014 2493 1079 2553 et
1126 2489 1441 2555 conferam
1494 2501 1547 2556 Σ
1598 2489 1764 2554 568:
1814 2494 2132 2556 πλεκτοῖσ’
2181 2493 2240 2555 έν
2283 2492 2602 2568 ταλάροισι
2645 2491 2764 2566 Φέ-

381 2616 475 2672 ρον
545 2592 845 2670 μελιηδέα
910 2593 1163 2673 καρπόν.
1264 2594 1499 2661 Veram
1558 2596 1894 2663 lectionem
1947 2600 2326 2664 monstrabit
2369 2601 2498 2663 nisi
2543 2598 2765 2684 fallor,

384 2714 443 2765 A
496 2698 661 2765 630:
710 2699 1010 2781 χάλκειον
1058 2701 1305 2780 κάνεον,
1357 2702 1457 2767 ἐπὶ
1500 2702 1563 2767 δὲ
1600 2702 1855 2784 κρόμυον
1896 2706 2060 2785 ποτῷ
2099 2703 2244 2784 ὄψον
2270 2714 2333 2771 et
2357 2704 2766 2771 commendo:

379 2808 819 2887 χαλκέοισ’
868 2809 929 2872 έν
974 2807 1295 2874 κανέοισιν.

472 3020 685 3089 Etiam
740 3020 1153 3088 Alexandriae
1201 3022 1567 3088 dubitatum
1619 3022 1740 3088 fuit
1793 3024 1870 3089 de
1915 3034 1944 3089 1
1995 3022 2164 3089 225:

661 3132 862 3210 χαῖρ’,
912 3130 1220 3207 Ἀχιλεῦ·
1271 3127 1477 3202 δαιτὸς
1525 3128 1640 3206 μὲν
1690 3130 1854 3204 ἐίσης
1903 3132 2006 3195 οὐκ
2056 3130 2476 3203 ἐπιδευεῖς

664 3234 815 3309 ἠμὲν
862 3234 943 3297 ἔν)
996 3234 1197 3315 κλισίῃς
1246 3233 1716 3313 Ἀγαμέμνονος
1765 3237 2094 3318 Ἀτρεΐδαο

662 3338 763 3414 ἠδὲ
811 3338 917 3403 καὶ
964 3338 1171 3403 ἐνθάδε
1222 3345 1341 3404 νῦν.

385 3444 733 3511 Adnotavit
778 3446 1203 3510 Aristonicus:
1251 3448 1283 3520 ἦ
1327 3447 1515 3521 διπλῆ
1558 3445 1648 3512 ὅτι
1695 3452 2081 3530 προστιθέασι
2120 3452 2190 3517 τὸ
2237 3476 2295 3527 σ,
2323 3455 2428 3518 οὐκ
2455 3452 2774 3523 έπιδευεῖς’

385 3555 609 3622 κακῶς.
659 3544 814 3615 οὗτοι
866 3550 926 3614 δὲ
974 3551 1079 3614 καὶ
1128 3552 1197 3615 τὸ
1239 3550 1377 3627 ἑξῆς
1418 3558 1824 3633 περισπῶσιν·
1867 3556 2036 3644 (lege
2073 3558 2592 3643 mommo-vtem)
2621 3556 2772 3635 ἦμεν

388 3656 469 3720 ένὶ
521 3656 763 3737 κλισίῃ·
814 3651 965 3731 ἦμεν
1014 3656 1465 3749 ἐτυγχάνομεν.
1518 3661 1892 3741 Ἀρίςαρχος
1941 3662 2004 3726 δὲ
2055 3664 2240 3744 χωρὶς
2277 3668 2383 3727 τοῦ
2423 3688 2481 3727 σ.
2553 3660 2775 3747 Itaque

384 3763 791 3828 Aristarchus
864 3764 1200 3848 scripserat
1270 3764 1530 3831 έπιδεύει
1603 3765 1706 3832 vel
1771 3766 2054 3849 ἐπιδεύῃ,
2121 3788 2280 3854 quae
2344 3766 2548 3833 lectio·
2581 3786 2776 3853 paene

385 3868 656 3935 ridicula
714 3874 810 3933 est
872 3888 944 3934 ac
1005 3878 1173 3935 certe
1240 3891 1498 3937 summo
1561 3874 1782 3937 critico
1827 3873 2107 3961 indigna.
2206 3872 2577 3939 Scribebant
2623 3871 2773 3938 alii:

387 3974 681 4046 ἐπιδευεῖς
732 3972 919 4051 ἦμεν,
971 3975 1137 4061 qnod
1186 3979 1381 4042 etiam
1428 3978 1605 4063 pejus
1656 3983 1771 4043 est.
1849 3978 2130 4045 Tandem
2175 3980 2425 4065 probari
2465 3978 2673 4064 coepit
2710 3978 2776 4043 id

387 4080 553 4166 quod
603 4079 791 4146 hodie
837 4080 1165 4146 invenitur
1207 4082 1375 4167 apud
1422 4103 1660 4149 omnes.
1758 4083 1991 4150 Verum
2043 4105 2234 4171 quam
2284 4091 2382 4151 est
2428 4087 2777 4151 incommo-

389 4187 541 4250 dum
612 4186 951 4273 cogitando
1014 4185 1306 4272 supplere
1371 4189 1536 4274 quod
1603 4192 1911 4255 omissum
1968 4196 2064 4256 est
2110 4212 2326 4256 «mmm.
2422 4189 2605 4257 Nihil
2654 4190 2778 4255 huc

388 4293 664 4378 pertinet
710 4292 887 4358 locus
932 4296 1041 4379 qui
1089 4294 1353 4359 conferri
1402 4295 1563 4361 solet
1609 4304 1670 4361 N
1715 4296 1848 4362 622
1885 4300 2143 4384 ipseque
2183 4298 2486 4364 Lebrsius
2523 4301 2590 4363 in
2613 4296 2780 4362 libro

390 4399 467 4464 de
545 4398 909 4465 Aristarcho
981 4420 1042 4484 p.
1106 4398 1238 4464 366
1307 4404 1420 4467 vix
1490 4401 1683 4490 long-a
1755 4404 2186 4490 disputatione
2253 4403 2416 4470 illud
2488 4402 2778 4475 ἐπιδευεῖς

388 4503 868 4595 quodammodo
916 4526 1214 4573 excusare
1261 4510 1488 4595 potuit.
1563 4509 1812 4577 Multos
1859 4510 2079 4577 attulit
2126 4510 2329 4590 locos,
2371 4513 2604 4599 quibus
2647 4532 2780 4579 ver·
