3414 5158
677 314 809 380 232
1714 332 2016 382 onmem,

675 499 902 564 εἐειπεν
946 512 1011 564 et
1057 496 1376 574 ὀσσόμενος
1423 497 1640 578 πατέρ’
1690 497 1899 563 ἐσθλὸν
1950 498 2030 562 ἐν)
2078 499 2293 579 Φρεσίν
2338 497 2697 585 persuaderi
2743 518 2868 565 non
2914 503 3061 585 pot-

677 611 774 670 est
842 603 1130 681 ὀσσομένη
1202 604 1306 670 hic
1377 624 1604 670 sanum
1666 625 1817 670 ease.
1910 603 2226 689 Equidem
2288 605 2472 670 credo
2532 603 2888 692 Penelopen
2935 604 3061 670 hoc

679 709 879 778 velle:
943 708 1215 775 libenter
1271 712 1507 776 moriar
1564 717 1628 776 et
1684 711 1765 776 ad
1827 711 2059 777 inferos
2120 711 2523 788 descendam,
2576 719 2644 776 ut
2687 713 2779 777 sic
2825 710 3057 777 saltem
3152 758 3161 764 ·

678 819 984 882 maritum
1035 837 1251 882 meum
1298 817 1524 882 videam
1545 863 1561 894 ,
1609 819 1652 881 i.
1710 838 1761 882 e.
1815 816 2104 898 ὀψομένη.

771 1061 962 1127 Libro
1005 1069 1062 1142 φ
1108 1061 1204 1126 bis
1250 1062 1316 1124 in
1363 1059 1584 1126 eodem
1637 1059 1943 1126 vocabulo
1989 1064 2320 1145 peccatum
2368 1080 2500 1126 esee
2548 1060 2821 1128 videtur.
2875 1060 3064 1127 Alter

681 1168 858 1234 locus
903 1175 998 1232 est
1043 1188 1136 1234 va.
1191 1164 1358 1232 179:
2019 1153 2023 1156 ’

1131 1270 1292 1355 ὄφρα.
1341 1271 1472 1337 νέοι-
1498 1269 1867 1349 θάλποντες,
1920 1271 2295 1352 ἐπιχρίοντες
2342 1274 2581 1356 ἀλοιφῇ

1132 1376 1309 1456 τόξου
1355 1377 1767 1456 πειρώμεσθα.

682 1484 902 1571 Neque
947 1485 1084 1563 hic,
1133 1507 1335 1571 neque
1382 1507 1474 1552 vs.
1530 1484 1659 1550 184
1696 1483 1907 1550 ullum
1945 1505 2199 1550 sensum
2240 1507 2317 1550 ex
2359 1484 2670 1550 adiectivo
2712 1485 2823 1550 νέοι
2849 1484 3062 1550 elicio·

685 1592 997 1674 Quoniam
1045 1599 1260 1660 autem
1309 1613 1488 1658 arcus
1539 1593 1650 1656 diu
1698 1591 1937 1656 κέσκετ’
1990 1592 2068 1656 ἐνὶ
2119 1591 2477 1672 μεγάροισιν
2516 1594 2634 1678 (ve.
2664 1591 2776 1678 41)
2818 1595 3067 1676 optime

682 1702 857 1785 proci
905 1699 1200 1766 videntur
1246 1699 1370 1765 dici
1417 1719 1566 1766 eum
1612 1703 1801 1763 denuo
1847 1697 2185 1764 calefacere
2225 1703 2288 1764 et
2323 1718 2671 1786 perungere
2690 1746 2708 1782 ‚
2748 1701 2791 1762 i.
2820 1719 2876 1764 e.
2914 1696 3061 1762 νέον.

779 1944 958 2010 Alter
1001 1943 1176 2009 locus
1221 1949 1317 2009 eet
1362 1966 1456 2009 vs.
1507 1942 1674 2010 40¹7:

1137 2048 1363 2129 ῥηϊδίως
1411 2051 1709 2115 ἐτάνυσσε
1758 2051 1861 2130 νέῳ
1910 2051 2041 2130 περὶ
2091 2047 2345 2115 κόλλοπι
2396 2049 2635 2130 χορδήν.

688 2157 802 2221 ubi
869 2161 1087 2220 utrum
1159 2156 1569 2221 verisimilior
1631 2159 1717 2221 sit
1780 2157 2044 2244 vulgata
2106 2156 2296 2222 lectio
2316 2203 2335 2235 ,
2383 2177 2461 2221 an
2510 2160 2869 2222 coniectura
2918 2179 3067 2222 mea

691 2263 822 2337 νέην
881 2263 1011 2342 περὶ
1075 2261 1331 2327 κόλλοπι
1379 2263 1634 2346 χορδήν,
1691 2265 1897 2330 cuivis
1941 2261 2297 2343 Φόρμιγγος
2346 2262 2737 2344 ἐπισταμένῳ
2782 2262 2889 2327 καὶ
2938 2265 3063 2329 ἀοι·

695 2368 799 2440 δῆς
846 2369 1325 2434 diiudicandum
1377 2369 1678 2454 relinquo,

779 2640 822 2680 ω
872 2613 1000 2680 348
1072 2615 1327 2682 Laertes
1375 2614 1581 2680 filium
1632 2618 1952 2703 agnoscit:

1897 2721 2000 2787 τὸν
2046 2722 2107 2786 δὲ
2156 2724 2292 2787 ποτὶ
2342 2732 2429 2789 ro?

1045 2822 1226 2892 εἷλεν.

783 2931 1220 3018 Amplexantis
1280 2954 1404 3000 non
1467 2940 1562 2999 est
1625 2936 1815 3015 αἱρεῖν
1871 2935 1979 3001 sed
2032 2933 2269 3015 ἕλκειν;
2319 2940 2581 3004 coniicio
2629 2959 2779 3026 ergo
2825 2933 3023 3003 εἷλκεν
3044 2987 3062 3017 ,

692 3038 826 3117 vel,
876 3038 1040 3123 quod
1086 3039 1433 3105 editoribus
1481 3043 1689 3129 mag-is
1740 3042 1982 3127 placet,
2032 3040 2228 3109 ἕλκεν.

2206 3256 2263 3322 J.
2312 3256 2377 3322 J.
2423 3256 2877 3325 HARTMAN.

865 3436 1013 3503 Kal.
1059 3436 1330 3502 Martiis.

801 3543 885 3608 A.
933 3561 1406 3610 moconmw.
