3414 5158
1337 408 1738 458 HERODOE'US.
2642 390 2727 457 97

203 569 212 576 ⁴
299 595 352 640 a
443 574 573 641 loci
633 577 948 640 sententia
1010 573 1326 639 abhorret.
1373 573 1753 658 Requiritur
1812 576 1983 638 enim
2032 578 2145 638 aut
2192 569 2567 649 διαπέμπειν
2614 577 2725 638 aut

306 678 792 766 περιπέμπειν,
855 700 1127 766 qnorum
1188 681 1309 746 hoc
1371 679 1841 746 restituendum
1906 681 2058 764 quia
2119 680 2465 745 sexcenties
2507 676 2543 744 ’ἑ
2569 677 2726 765 (ἐπί)

314 795 404 852 et
461 785 506 853 π
536 788 725 874 (περί)
775 789 942 852 inter
987 808 1055 852 se
1103 784 1590 852 confunduntur.

437 894 593 960 Pos‘t
652 914 854 979 pauca
913 896 1126 979 accipe
1187 892 1355 978 quod
1413 891 1473 958 R
1517 892 1696 959 offert
1741 891 2139 973 ζευγνΤΝΑῙ
2188 913 2300 978 pro
2349 889 2730 971 ζεύγνυσθαι.

319 999 650 1065 Mendose
715 1005 929 1065 autem
997 1000 1220 1064 scribit
1281 998 1646 1079 ζευγνῦναι,
1712 1005 1787 1064 ut
1850 999 2007 1064 alibi
2053 999 2391 1075 δεικνῦναι,
2442 1001 2725 1076 όμνῦναι,

323 1107 631 1170 τεθνάναι
649 1152 666 1182 ,
717 1107 934 1174 ἑςᾶναι
955 1154 974 1189 ,
1022 1107 1172 1191 quia
1218 1103 1518 1171 Graeculi
1568 1103 1888 1171 vocalium
1929 1107 2316 1191 quantitates
2350 1104 2731 1170 nesciebant.

440 1316 546 1384 IV.
595 1317 722 1382 85:
771 1319 806 1392 ἡ
852 1318 914 1383 δὲ
965 1318 1297 1396 Προποντὶς
1347 1355 1432 1368 -
1486 1318 1876 1384 ΚΑΤΑδιδοῑ
1920 1321 1980 1390 ἐς
2030 1318 2133 1383 τὸν
2180 1321 2656 1394 Ἑλλήσποντον.

439 1424 584 1490 Non
629 1429 726 1489 est
771 1426 1040 1489 verbum
1090 1421 1409 1490 Graecum
1458 1423 1877 1500 καταδίδωμι,
1928 1425 2095 1508 quod
2143 1424 2531 1508 ubicumque
2578 1423 2738 1510 legi·

341 1535 460 1598 tur
506 1551 655 1595 cum
707 1533 864 1596 vitio
911 1529 1219 1595 ambulat.
1316 1527 1782 1617 corrigendum
1829 1531 2035 1615 igitur
2080 1529 2393 1606 ἘΚδιδοῑ,
2438 1529 2605 1613 quod
2644 1533 2740 1594 est

353 1637 429 1700 :in
475 1655 550 1700 ea
593 1655 662 1700 re
706 1639 1108 1720 perpetuum.
1181 1632 1499 1701 Continuo
1547 1636 1868 1718 sequitur:
1918 1632 2139 1698 ἐκδιδοῖ
2178 1633 2243 1699 δὲ
2288 1635 2316 1698 ὃ
2365 1635 2743 1710 Ἑλλήσπον-

357 1763 465 1813 τος
511 1741 571 1813 ἐς
620 1738 860 1819 χάσμα
910 1739 1244 1818 πελάγεος.

446 1951 551 2017 IV.
601 1951 723 2019 83:
776 1952 982 2027 ἐπειδή
1029 1935 1090 2018 οἷ
1127 1953 1214 2018 τά
1259 1950 1560 2018 “Araura
1610 1954 2055 2033 παρεσκεύαεο.

441 2056 650 2124 Nemo
695 2058 788 2123 sic
833 2058 1151 2144 loquitur,
1201 2059 1310 2124 sed
1357 2059 1443 2124 τά
1489 2057 1715 2124 Πάντα
1764 2080 1983 2126 omnes
2030 2060 2363 2145 dicebant,
2411 2060 2579 2146 quod
2625 2059 2743 2126 Oo-

352 2164 473 2230 dex
518 2164 577 2229 R
625 2167 930 2232 servavit.

445 2375 566 2442 IV.
616 2373 741 2442 88:
789 2375 917 2457 ζῷα
964 2375 1390 2458 γραψάμενος.

443 2481 597 2548 Erat
642 2485 710 2547 in
756 2484 1017 2567 antiquo
1061 2481 1225 2548 libro
1271 2491 1512 2548 ΖΩΙΛ.
1559 2483 1732 2570 Lege
1778 2482 1957 2564 ζώῑα.

449 2692 556 2758 1V.
609 2692 732 2757 89:
797 2693 824 2757 ὅ
888 2692 952 2758 δὲ
1014 2691 1246 2772 Τέαρος
1311 2692 1574 2770 λέγεται
1629 2728 1711 2741 -
1761 2690 2012 2771 άνδράσι
2076 2693 2181 2758 καὶ
2245 2694 2480 2759 ἵπποιο-ι
2543 2698 2745 2778 ψώρην

358 2797 748 2865 άκέΕΛσθαι.

448 2904 594 2971 Non
639 2910 736 2970 est
780 2906 850 2969 in
897 2924 970 2971 ea
1015 2926 1083 2970 re
1130 2906 1364 2971 aoristo
1405 2903 1614 2982 locus,
1664 2909 1730 2971 et
1776 2906 2096 2972 άκέεείθαι
2142 2908 2637 2975 rescribendum.

448 3115 558 3183 IV.
608 3115 730 3181 95:
781 3117 1088 3196 χρήματα
1139 3117 1486 3192 κτήσασθαι
1532 3116 1821 3195 μεγάλα.

446 3222 572 3289 Pro
633 3222 902 3301 μεγάλα
965 3222 1024 3287 R
1085 3223 1343 3289 exhibet
1411 3222 1654 3304 συχνά,
1710 3224 1877 3309 quod
1923 3246 2145 3292 verum
2196 3232 2311 3294 est.
2363 3227 2520 3309 Quis
2566 3233 2736 3295 enim

353 3349 468 3414 pro
512 3329 782 3407 μεγάλα
801 3378 819 3413 ,
867 3330 926 3393 si
972 3334 1134 3393 esset
1180 3332 1441 3414 antiqua
1487 3329 1712 3408 lectio,
1763 3332 1964 3412 συχνά
2015 3334 2489 3420 supposuisset?

447 3541 564 3610 IV.
613 3540 718 3607 94.
769 3544 837 3606 in
883 3540 996 3607 AB
1043 3542 1352 3626 scriptum
1400 3546 1529 3607 est:
1578 3542 1989 3622 διαλαβόντες
2036 3554 2244 3612 rore
2284 3550 2741 3629 ἀποπεμπομέ-

359 3658 560 3714 νΟΤΟ
607 3649 776 3729 παρὰ
825 3647 926 3712 τὸν
975 3646 1296 3726 Σάλμοξιν
1340 3648 1458 3722 τὰς
1507 3656 1729 3731 χεῖρας
1776 3650 1881 3714 καὶ
1931 3653 2067 3722 τοὺς
2110 3653 2304 3727 πόδας
2348 3656 2734 3736 -ῥίπτουσι

359 3756 420 3827 ἐς
464 3755 581 3828 τοὶς
631 3753 908 3837 λόγχας.

447 3862 656 3927 Arena
699 3860 836 3929 sine
884 3860 1073 3926 calce.
1137 3858 1304 3926 Rem
1349 3862 1632 3926 restituit
1677 3860 1739 3926 R.
1786 3864 1856 3925 in
1901 3883 2023 3947 quo
2071 3870 2193 3930 est:
2243 3876 2397 3933 τΟΤ
2448 3869 2735 3947 άποπεμ-

356 3976 670 4045 πομενΟΤ
722 4004 809 4015 -
853 3966 972 4038 τὰς
1016 3974 1234 4047 χεῖρας
1286 3966 1392 4031 καὶ
1438 3964 1579 4037 τοὺς
1631 3964 1846 4041 πόδας.

447 4177 568 4247 IV.
622 4178 731 4245 98.
793 4178 1093 4245 mendose
1149 4178 1361 4243 editur
1405 4199 1485 4243 ex
1528 4180 1640 4245 AB
1688 4181 1977 4259 ἐπείγετο
2021 4188 2087 4249 et
2134 4184 2263 4250 130
2308 4187 2625 4267 ἐπείγοντο
2671 4200 2736 4259 et

363 4286 488 4350 135
544 4286 866 4365 ἐπείγετο,
917 4290 1014 4349 ter
1058 4304 1284 4369 verum
1332 4288 1613 4352 servavit
1664 4287 1724 4352 R
1774 4290 2101 4368 ἠπείγετο,
2152 4293 2511 4374 ἠπείγοντο,
2561 4298 2735 4371 ἠπεί-

357 4415 528 4469 γετο.
598 4396 666 4457 in
733 4390 972 4459 talibus
1041 4396 1462 4477 augmentum
1531 4413 1658 4459 non
1726 4397 2065 4461 omittitur.
2181 4398 2493 4467 Dicebant
2552 4402 2738 4472 Iones

356 4497 581 4577 ἤλασε,
635 4496 936 4576 ἐξήλασε,
985 4495 1307 4573 ἐπήλασε,
1357 4496 1609 4583 ἤλπιζε,
1659 4502 1901 4577 ἤλπισα
1946 4506 2009 4567 et
2055 4504 2197 4569 sim.

2422 4633 2451 4685 7
