3414 5158
638 321 771 390 302
1655 338 1989 389 moeurs.

723 505 810 572 V.
863 504 1028 571 1101

954 610 1183 685 ὅστις
1231 635 1320 678 σοι
1369 610 1707 691 βούλευσεν
1758 613 1908 689 ἐμεῦ
1956 610 2091 693 πέρι
2140 612 2243 677 καὶ
2290 613 2352 677 σ’
2400 609 2716 679 ἐκέλευσεν

951 718 1232 802 οἴχεσθαι
1279 717 1626 800 προλιπόνθ’
1675 719 1969 799 ἡμετέρην
2016 720 2251 800 Φιλίην.

727 826 866 904 Quo
911 828 1230 911 pertineat
1267 820 1392 897 ὅςις
1409 875 1428 911 ,
1467 826 1733 892 fortasse
1770 827 2154 911 excerptoris
2192 825 2603 914 neglegentia
2632 828 3023 915 ignoramus.

637 932 752 1000 Sin
799 935 1014 999 minus
1028 981 1047 1018 ,
1096 934 1402 998 conicias:

1180 1036 1380 1115 θυμό
1393 1062 1422 1111 ς
1473 1038 1548 1125 (s.
1598 1039 1777 1127 ὀργή)
1826 1062 1913 1105 σοι
1961 1038 2297 1119 βούλευσεν
2346 1038 2475 1105 κτὲ.

725 1146 850 1214 Sed
897 1146 980 1213 cf.
1025 1142 1297 1233 Bergkii
1346 1145 1444 1211 ed.
1491 1143 1614 1211 IV.

723 1358 800 1427 V.
851 1357 1024 1427 1131

954 1468 1103 1534 ἀλλ’
1150 1466 1309 1547 ἥβην
1355 1469 1572 1550 ἐρατὴν
1619 1468 2038 1554 ὀλοφύρομαι,
2090 1465 2127 1544 ἥ
2170 1470 2243 1547 μ’
2290 1467 2716 1535 ἐπιλείπει

951 1575 1148 1641 κλαίω
1195 1574 1254 1641 δ’
1305 1573 1616 1657 ἀργαλέον
1660 1582 1863 1655 γῆρας
1911 1574 2342 1657 ἐπερχόμενον.

725 1680 1031 1747 Senectus
1075 1684 1584 1769 appropinquans
1629 1682 1915 1748 noudum
1962 1682 2141 1747 adest
2160 1728 2180 1757 ‚
2242 1702 2447 1769 neque
2506 1683 2714 1769 igitur
2772 1686 3027 1767 poetam

527 1828 536 1837 ·
638 1788 1128 1875 (Mimnermum
1146 1785 1200 1872 7)
1255 1790 1388 1853 iam
1452 1789 1656 1871 deficit
1705 1788 2067 1876 (ἐπιλείπει)
2111 1788 2447 1867 iuventus,
2496 1788 2607 1855 sed
2654 1788 2735 1855 ab
2782 1808 2855 1855 eo
2900 1788 3029 1853 dis·

640 1895 808 1962 cedit
827 1945 846 1981 ,
891 1896 1110 1980 itaque
1157 1892 1570 1980 praetulerim
1593 1913 1609 1965 ε

2038 1998 2074 2075 ἦ
2116 2002 2192 2079 μ’
2236 1998 2710 2067 απολείπει.

960 2320 1267 2399 εὐσεβέων
1317 2318 1372 2384 δ’
1420 2319 1643 2400 ἀνδρῶν
1689 2319 1865 2399 γένος
1914 2316 2201 2402 ἔφθιται,
2248 2318 2385 2385 οὐδὲ
2433 2318 2689 2397 θέμιςας

961 2428 1238 2494 οὐκέτι
1287 2425 1645 2505 γινώσκουσ·
1693 2425 1826 2491 οὐδὲ
1874 2426 1988 2505 μὲν
2035 2424 2459 2505 εὐσεβίας.

735 2536 879 2602 Non
943 2540 1197 2602 tantum
1259 2532 1528 2620 pel-dure
1589 2532 1836 2600 dictum
1902 2539 1998 2600 est
2060 2530 2195 2600 οὐδὲ
2244 2569 2331 2582 -
2378 2531 2612 2610 οὐκέτι,
2676 2530 2787 2598 sed
2834 2532 3035 2600 etiam

646 2644 820 2710 deest
890 2643 1250 2710 subiectum
1313 2640 1494 2707 verbi
1555 2643 1947 2720 γινώσκουσιν
1964 2689 1983 2724 ,
2044 2638 2181 2706 scil.
2246 2644 2468 2725 poetae
2530 2637 2824 2724 aequales
2841 2687 2860 2723 ,
2922 2640 3034 2724 qui

643 2751 972 2835 praeteriti
1057 2749 1366 2832 temporis
1433 2746 1806 2811 hominibus
1875 2747 2107 2812 diserte
2177 2747 2409 2831 opponi
2476 2743 2841 2811 debuerant.
2936 2743 3039 2810 Ne

647 2854 856 2921 multa
870 2875 887 2933 ;
937 2854 1215 2940 requiro:

2090 2956 2222 3024 οὐδὲ
2269 2956 2526 3035 θέμις-ας

1101 3063 1238 3130 οἵδ’
1286 3061 1407 3128 ἔτι
1455 3061 1813 3142 γινώσκουσ’
1864 3061 1994 3130 οὐδὲ
2042 3062 2155 3140 μὲν
2202 3062 2614 3140 εὐνομίας.
2730 3095 2737 3100 ·

733 3171 1046 3249 Εὐνομίας
1064 3217 1082 3249 ,
1147 3168 1306 3235 olim
1361 3189 1400 3234 a
1443 3189 1550 3235 me
1597 3170 2030 3255 propositum,
2080 3171 2317 3255 recepit
2363 3167 2598 3256 Bergk.
2648 3171 2717 3234 in
2764 3168 2859 3235 ed.
2913 3167 3037 3235 IV.

736 3381 814 3447 V.
865 3379 1042 3448 1207

1013 3487 1181 3555 Οὔτε
1229 3513 1300 3554 σε
1349 3487 1656 3572 κωμάζειν
1702 3487 2090 3569 ἄπερύκομεν
2136 3487 2278 3556 οὕτε
2325 3494 2669 3570 καλοῦμεν·

1011 3595 1414 3677 αρπαλέος
1460 3596 1736 3680 παρεών,
1783 3594 1888 3660 καὶ
1937 3595 2162 3675 Φίλος,
2212 3591 2339 3662 εὖτ’
2384 3595 2461 3662 ἂν
2510 3599 2697 3679 ἀπῆς.

738 3703 1093 3769 Lenissima
1140 3723 1288 3769 sane
1333 3702 1488 3768 haec
1535 3701 1806 3789 Bergkii
1855 3705 2159 3768 correctio
2208 3723 2321 3789 pro
2368 3701 2681 3769 librorum
2722 3705 3041 3791 scriptura

648 3811 798 3888 αργ
820 3807 1097 3892 αλέοςς
1163 3807 1388 3873 dubito
1445 3813 1660 3873 tamen
1723 3827 1881 3874 num
1927 3807 2227 3875 vocabuli
2273 3812 2449 3876 notio
2494 3810 2645 3876 huic
2692 3808 2833 3877 loco
2880 3812 3039 3878 satis

651 3916 1001 3982 conveniat.
1053 3913 1483 3999 Expectabam
1533 3913 1749 4000 potius
1795 3919 2051 4001 propter
2094 3935 2354 3982 versum
2400 3935 2879 4005 praegressum:

1008 4019 1421 4091 ἀσπάσιος
1469 4017 1711 4102 παρεών
1738 4066 1754 4098 ,
1800 4019 1905 4086 καὶ
1954 4019 2175 4103 φίλος,
2224 4013 2355 4087 εὖτ’
2404 4020 2483 4087 ἄν
2527 4023 2717 4106 ἀπῆς.

745 4232 820 4301 V.
873 4231 1050 4302 1267

923 4347 1086 4414 Παῒς
1133 4364 1204 4405 σε
1252 4339 1358 4406 καὶ
1407 4335 1591 4412 ἵππος
1638 4337 1838 4416 ὅμοῖον
1885 4338 2022 4422 ἔχει
2069 4339 2195 4406 νόον
2212 4361 2231 4379 ·
2280 4339 2418 4408 οὔτε
2466 4341 2597 4423 γὰρ
2642 4338 2829 4415 ἵππος

927 4446 1164 4532 ἡνίοχον
1213 4445 1415 4512 κλαίει
1464 4444 1738 4528 κείμενον
1785 4446 1846 4510 ἐν
1890 4446 2089 4532 κονίῃ,
