3414 5158
1498 244 1902 295 monemus.
2753 227 2880 296 271

589 395 767 478 VIII.
815 409 937 478 28:
988 409 1313 494 ἀμφορέας
1364 409 1673 484 κΕΝΕοὺς
1727 409 1785 481 ές
1835 409 2028 485 αὐτην
2075 410 2445 487 κατέθηκαν.

588 516 661 582 In
725 518 789 584 R
848 521 946 584 est
1004 518 1271 602 κεινούς,
1318 536 1445 602 qua
1490 516 1694 584 forma
1738 515 2102 583 Herodotus
2145 519 2248 583 uti
2291 517 2474 595 solet,
2523 517 2604 584 of.
2655 517 2705 584 I.
2758 515 2880 588 ¹73:

496 624 879 699 νοσήσαντας
926 621 991 689 δὲ
1036 622 1261 694 αὐτοὺς
1309 632 1537 706 κεινῇσι
1582 623 1801 704 χερσί,
1849 627 1916 688 et
1960 623 2052 690 sie
2096 625 2352 709 passim.

587 821 758 888 VIII.
808 820 928 888 30:
978 823 1031 888 εἰ
1079 821 1142 887 δὲ
1192 820 1503 887 Θεσσαλοὶ
1545 821 1631 886 τὰ
1672 821 1984 898 Ἑλλήνων
2024 818 2236 906 ηὖξον,
2275 822 2352 894 ὥς
2393 821 2523 901 ἐμοὶ
2567 821 2847 891 δοκέΕῙΝ
2871 873 2888 904 ,

496 927 771 1010 ἐμήδιζον
818 927 895 996 ἂν
942 931 995 994 οἰ
1043 927 1305 1001 Φωκέες.

582 1034 855 1103 Perinde
915 1037 1073 1102 bene
1124 1036 1359 1102 dieitur
1420 1034 1553 1112 ἐμοὶ
1614 1033 1838 1101 δοκέειν
1904 1038 1970 1101 et
2025 1036 2107 1108 ὥς
2171 1033 2306 1112 ἐμοὶ
2367 1034 2582 1116 δοκέει,
2650 1037 2760 1104 sed
2805 1040 2884 1110 ὦς

496 1141 626 1221 ἐμοὶ
682 1141 935 1210 δοκέεειν
979 1163 1171 1210 nemo
1218 1142 1484 1210 dicebat.

581 1341 760 1409 VIII.
811 1341 933 1408 35:
980 1348 1099 1410 τῶν
1146 1341 1474 1410 Πανοπέων
1520 1342 1631 1417 σὺν
1682 1338 1862 1407 πόλιν
1912 1339 2246 1422 ἐνέπρησαν
2296 1339 2401 1407 καὶ
2451 1341 2739 1408 Δαυλίων
2779 1343 2884 1409 καί

495 1457 1021 1518 ΛῙΟΛῙΔΕΩΝ.
1178 1517 1184 1522 .

582 1552 839 1622 Gertam
878 1561 943 1622 et
980 1554 1341 1622 evidentem
1380 1553 1786 1621 Valckenarii
1826 1554 2334 1621 emendationem
2374 1553 2554 1620 Stein
2591 1575 2672 1620 ne
2715 1575 2889 1621 oom-

496 1663 878 1732 memoravit
932 1663 1213 1748 quidem.
1306 1661 1394 1728 Et
1438 1660 1695 1728 aliunde
1745 1666 1811 1727 et
1858 1681 1936 1726 ex
1984 1661 2189 1726 Iliade
2233 1672 2300 1726 Β.
2354 1659 2506 1727 519.
2557 1661 2671 1727 ubi
2717 1660 2890 1728 Pho-

493 1773 775 1836 oensium
821 1770 1011 1836 urbes
1056 1773 1550 1835 enumerantur:

762 1868 815 1942 οἳ
860 1875 1249 1955 Κυπαρισσὸν
1294 1871 1439 1957 ἔχον
1489 1911 1573 1923 -—
1622 1871 1730 1939 καὶ
1779 1872 2072 1939 Δαυλίδα
2121 1874 2229 1938 καὶ
2278 1881 2622 1953 Πανοπῆα,

760 1977 822 2048 οἵ
857 2005 927 2046 τε
976 1989 1348 2048 ΛΙΛΛῙΛΝ
1396 1979 1543 2061 ἔχον
1592 1989 1809 2062 πηγῆς
1858 1977 1959 2044 ἔπι
2009 1987 2334 2058 Κηφισοῖο.

485 2108 597 2173 pro
644 2089 859 2174 inepto
908 2086 1233 2153 Αἰολιδέων
1280 2089 1564 2173 reposuit
1606 2086 1936 2152 Λιλαιέων.
1983 2085 2342 2173 Stephanus
2393 2085 2547 2174 Byz.
2597 2086 2882 2161 Λίλαια.

486 2195 663 2268 πόλις
713 2194 975 2268 Φωκίδος
1028 2231 1111 2243 -
1160 2197 1191 2260 δ
1240 2193 1500 2268 πολίτης
1550 2191 1875 2267 Λιλαιεύς.

577 2389 754 2456 VIII.
802 2389 926 2456 37:
972 2391 1073 2456 bis
1120 2389 1331 2456 editur
1376 2391 1446 2456 τὸ
1495 2391 1613 2470 ἱρὸν
1658 2397 1771 2465 τῆς
1818 2390 2116 2470 Προναίης
2171 2390 2520 2467 Ἀθηναίης.

576 2495 929 2581 Utrobique
984 2498 1055 2560 in
1116 2495 1175 2562 R
1235 2501 1331 2561 est
1390 2515 1539 2562 vere
1600 2495 1792 2561 lectio
1852 2497 2139 2576 Προνηΐης
2205 2503 2269 2563 et
2324 2500 2560 2563 iterum
2603 2520 2738 2586 cap.
2789 2497 2876 2566 38

488 2605 553 2667 et
600 2622 735 2687 oap.
786 2601 893 2668 39.

575 2800 752 2867 VIII.
803 2798 925 2867 38:
992 2799 1095 2866 δύο
1158 2800 1287 2879 γὰρ
1348 2799 1612 2872 ὁπλίτας
1674 2798 1937 2881 μέζονας
1987 2799 2021 2877 ἢ
2069 2800 2212 2865 κατ’
2258 2800 2636 2882 ἁνδρώπΩΝ
2683 2800 2874 2885 φύσιν

483 2905 747 2989 ἔχοντας
794 2904 1055 2972 ἕπεσθαί
1098 2911 1237 2990 σφι.
1865 2976 1874 2983 ,

570 3014 967 3103 Expungunt
1027 3010 1291 3093 ἔχοντας
1311 3060 1327 3091 ,
1374 3013 1543 3099 quod
1592 3014 1735 3098 quis
1773 3011 2031 3079 tandem
2075 3011 2464 3081 addidisset?
2511 3014 2868 3081 Delendum

479 3126 575 3188 est
616 3120 805 3202 Φύσιν
851 3118 1137 3201 ἔχοντας.
1184 3118 1547 3185 Herodotus
1580 3118 1860 3185 dixerat:
1903 3108 2166 3201 μέζονας
2207 3120 2243 3196 ἦ
2285 3118 2433 3185 κατ’
2477 3118 2870 3201 &wopan-GN.

472 3228 705 3293 Ortum
778 3232 875 3293 est
940 3226 1246 3292 mendum
1317 3223 1695 3306 ἄνθρῶπΩΝ
1715 3274 1732 3305 ,
1807 3246 1930 3312 quo
1994 3226 2163 3293 facto
2226 3230 2440 3293 neseio
2487 3230 2630 3313 quis
2675 3229 2866 3311 φύσιν

471 3333 741 3419 ἔχοντας
792 3332 1026 3399 adiecit
1083 3332 1161 3396 de
1211 3350 1347 3397 su0.

562 3530 741 3600 VIII.
790 3530 915 3596 412
964 3566 1047 3580 —
1094 3538 1172 3613 τῇ
1220 3552 1313 3601 τις
1359 3528 1618 3595 δύναται
1666 3529 1877 3612 σώζειν
1923 3530 2112 3597 τέκνα
2153 3556 2224 3598 τε
2271 3532 2377 3598 καὶ
2419 3534 2559 3606 τοὺς
2603 3533 2868 3609 οἰκέτας.

558 3639 759 3705 Abest
801 3638 1190 3705 necessarius
1234 3634 1576 3703 articulus:
1624 3637 1810 3702 sorib.
1861 3635 2070 3719 σώζειν
2135 3646 2257 3703 TA
2322 3647 2440 3705 ΤΕ
2505 3640 2695 3706 τέκνα
2757 3641 2862 3706 καὶ

470 3745 611 3817 τοὺς
650 3743 919 3817 οἰκέτας.

560 3942 739 4010 VIII.
790 3942 913 4009 402
962 3942 1194 4023 βουλην
1243 3940 1507 4021 ἔμελλον
1554 3941 1967 4017 ποιῆσΑσθαι.

557 4052 793 4138 Aeeipe
838 4050 1005 4139 quod
1052 4048 1113 4115 R
1157 4047 1395 4116 obtulit
1446 4048 1851 4151 ποιήσεσθαι.

558 4245 731 4313 VIII.
778 4244 889 4312 42:
942 4247 1092 4327 ἀνὴρ
1132 4243 1573 4327 Σπαρτιάτης,
1615 4247 1681 4311 οὐ
1721 4245 1928 4325 μέντοι
1971 4246 2178 4327 γένεος
2223 4252 2329 4316 τοῦ
2373 4247 2706 4328 βασιληΐου
2731 4251 2856 4317 έῶν.

556 4352 753 4420 Deest
813 4352 1059 4439 aliquid
1114 4358 1189 4419 ut
1240 4354 1327 4419 sit
1371 4353 1568 4439 proba
1610 4358 1675 4421 et
1723 4355 1964 4421 sincera
2007 4352 2217 4423 lectio.
2311 4354 2474 4424 Boni
2524 4359 2860 4444 scriptores
