3414 5158
1423 377 1747 429 nonnus.
1988 405 1993 410 ·
2654 362 2783 427 195

753 549 833 620 ὥς
881 545 1014 612 τότ’
1063 545 1398 619 Ὀδυσσῆος
1448 543 1801 624 περικήδετο
1850 543 2213 620 κυδαλίμοιο

759 652 930 735 δήμῳ
977 651 1058 718 ἑνὶ
1108 649 1362 733 Τρώων,
1408 647 1494 716 301
1541 652 1884 731 πάσχομεν
1931 651 2121 730 ἄλγε’
2170 650 2470 734 Ἀχαιοί,

763 868 848 946 τῷ
896 864 998 930 κέν
1043 889 1138 938 τις
1189 865 1395 929 κείνων
1432 888 1510 943 γε
1561 863 1666 928 καὶ
1718 862 2105 931 ἐκλελάθοιτο
2154 865 2407 943 γάμοιο.

393 974 641 1060 Aperta
696 993 798 1038 res
855 978 954 1037 est
971 1021 989 1046 ,
1053 977 1120 1037 et
1164 971 1622 1057 propemodum
1671 971 1986 1037 miraculo
2030 977 2129 1036 est
2175 973 2618 1038 Aristarchum
2666 973 2787 1040 hoc

400 1101 525 1148 non
595 1079 866 1156 vidisse,
941 1078 1050 1144 sed
1119 1097 1306 1162 saepe
1371 1075 1881 1142 animadvertere
1951 1078 2115 1142 mihi
2174 1079 2349 1144 visus
2406 1099 2551 1144 sum
2571 1129 2589 1164 ,
2639 1099 2789 1145 eum

399 1187 676 1254 Iliadem
720 1185 930 1250 multo
975 1186 1216 1250 maiore
1262 1204 1412 1250 eum
1460 1203 1614 1249 cura
1657 1185 2144 1270 pertractavisse
2184 1200 2378 1270 quam
2418 1184 2790 1273 odysseam.

495 1427 541 1479 y
591 1398 1198 1584 230'l'nabuoexe
1247 1503 1414 1570 ποῖόν
1461 1528 1534 1568 σε
1579 1501 1723 1576 ἔπος
1769 1505 1979 1585 φύγεν
2023 1502 2189 1586 ἕρκος
2234 1501 2520 1586 ὃδόντωνς

407 1613 614 1701 Lege:
663 1609 1204 1691 Τηλέμαχος.
1257 1607 1356 1676 Of.
1405 1610 1523 1690 Qu.
1571 1609 1771 1676 Hom.
1818 1631 1878 1695 p.
1934 1608 2086 1676 133.

503 1851 550 1904 y
599 1823 770 1891 348:

683 1928 760 2004 ὥς
807 1929 879 1996 τί
925 1953 1063 1996 τευ
1111 1935 1146 2008 ἢ
1197 1929 1370 2008 παρὰ
1418 1928 1698 2006 πάμπαν
1744 1929 2055 2005 ἀνείμονος
2106 1932 2172 2007 ἠὲ
2220 1935 2533 2014 πενιχροῦ.

411 2036 620 2126 Lege:
671 2037 882 2113 τευῆ.
935 2035 1030 2109 cf.
1075 2036 1200 2111 Qu.
1249 2035 1444 2102 Hom.
1497 2058 1559 2121 p.
1614 2035 1765 2101 121.
1813 2037 2055 2104 Eadem
2090 2037 2471 2106 correctione
2509 2059 2667 2127 opus
2706 2047 2803 2108 est

410 2169 452 2210 τ
501 2141 657 2210 109.

505 2358 810 2426 Nondum
855 2356 1260 2424 intellectum
1305 2357 1436 2422 fuit
1481 2358 1648 2443 quod
1691 2358 2024 2424 Menelaus
2066 2380 2215 2425 cum
2256 2381 2451 2428 uxore
2488 2364 2551 2428 in
2579 2371 2803 2449 quarto

409 2465 576 2531 libro
623 2472 960 2556 narrarunt
1007 2462 1086 2529 de
1129 2483 1292 2547 equo
1339 2461 1630 2528 Troiano.
1728 2463 1969 2548 Operae
2014 2469 2291 2549 pretium
2343 2475 2439 2532 est
2487 2489 2625 2533 eam
2669 2493 2805 2537 rem

409 2571 603 2659 paulo
669 2574 1028 2637 accuratius
1089 2569 1502 2636 considerare.
1599 2569 1792 2635 Brevi
1855 2578 2191 2657 antequam
2243 2575 2394 2639 urbs
2442 2586 2802 2661 caperetur,
2906 2662 2912 2667 ·

418 2678 688 2765 Ulysses
755 2679 894 2763 ipse
963 2678 1082 2742 sub
1149 2679 1355 2761 specie
1420 2676 1697 2742 mendici
1760 2698 1895 2743 sese
1954 2680 2126 2742 intra
2172 2700 2389 2746 muros
2436 2684 2804 2752 insinuarat.

413 2782 663 2850 Helena
731 2782 866 2849 sola
933 2804 1080 2848 eum
1153 2783 1456 2869 agnovit,
1529 2782 1759 2846 deinde
1820 2781 1942 2848 fide
2002 2787 2377 2869 interposita
2444 2786 2807 2857 Laertiades

412 2892 635 2957 omnia
701 2886 1090 2956 Graecorum
1155 2889 1418 2954 consilia
1477 2890 1538 2953 ei
1601 2892 1886 2973 aperuit,
1953 2898 2029 2954 ut
2090 2898 2307 2956 narrat
2367 2896 2509 2979 ipsa
2555 2896 2590 2960 δ
2636 2896 2798 2962 256:

418 2998 526 3063 καὶ
565 3000 710 3061 τότε
757 2996 828 3077 δή
875 3018 978 3070 μοι
1027 2994 1243 3059 πάντα
1291 2995 1418 3060 νόον
1466 2993 1801 3071 κατέλεξεν
1849 2997 2149 3075 Ἀχαιῶν.
2199 2997 2356 3063 Mox
2404 3004 2615 3088 pergit
2661 3002 2805 3069 Me·
2904 3056 2909 3063 .

407 3102 642 3170 nelaus
707 3100 1012 3167 extollere
1072 3103 1378 3166 eximiam
1436 3099 1694 3187 Ulyssis
1759 3103 2091 3166 virtutem.
2185 3102 2324 3169 Iam
2374 3116 2809 3191 pertraxerant

419 3208 680 3276 Troiani
725 3228 960 3293 equum
1007 3208 1076 3272 in
1121 3208 1344 3273 urbem
1365 3253 1382 3282 ,
1431 3228 1632 3291 quum
1681 3204 1929 3271 Helena
1978 3212 2375 3293 supervenit,
2416 3233 2610 3298 quam
2659 3214 2821 3281 Dei·

421 3315 671 3401 phebus
731 3315 1176 3379 comitabatur.
1274 3311 1520 3378 Deinde
1582 3313 1823 3379 nefaria
1880 3314 2154 3401 mulier,
2214 3316 2463 3383 ποὶντων
2510 3322 2805 3400 Ἀργείων

421 3424 628 3502 Φωνῆν
688 3420 918 3485 inova-⁹
981 3417 1306 3498 ἀλόχοισιν
1369 3416 1759 3485 Graecorum
1809 3419 2001 3485 duces
2046 3426 2357 3489 evocavit.
2451 3424 2803 3495 Voluerunt

415 3510 576 3592 'tunc
635 3525 968 3592 Menelaus
1027 3530 1094 3589 et
1156 3524 1496 3590 Diomedes
1555 3545 1633 3589 ex
1695 3544 1857 3615 equo
1906 3525 2196 3605 desilire,
2245 3530 2355 3595 sed
2400 3531 2650 3598 fortiter
2698 3555 2805 3599 eos

417 3634 686 3700 retinuit
731 3631 997 3718 Ulysses
1014 3676 1032 3709 ,
1081 3630 1276 3696 donec
1324 3627 1572 3695 Helena
1617 3630 1902 3715 digressa
1947 3638 2062 3695 est.

413 3776 420 3785 ·
509 3742 752 3825 Aperte
813 3739 1056 3806 dicam:
1105 3738 1261 3803 haec
1308 3758 1562 3803 sensum
1607 3757 1733 3801 non
1780 3726 2047 3802 habent.'
2132 3737 2201 3803 Si
2250 3740 2497 3809 Helena
2544 3748 2804 3831 prodere

419 3868 558 3914 rem
627 3846 912 3913 Danaam
973 3843 1264 3909 Troianis
1323 3842 1569 3919 voluit,
1634 3862 1841 3907 nonne
1904 3844 2021 3908 hoe
2070 3847 2130 3909 ei
2174 3846 2363 3913 facile
2406 3850 2581 3917 factu
2628 3854 2805 3921 erat?

421 3952 594 4033 Quid
655 3970 812 4038 opus
858 3960 992 4016 erat
1039 3946 1464 4036 ambagibus?
1513 3946 1646 4014 Cur
1689 3947 2019 4014 Menelaus
2065 3956 2129 4016 et
2174 3952 2513 4023 Diomedes
2558 3959 2677 4026 soli
2725 3984 2805 4029 ex

421 4076 586 4144 equo
629 4060 800 4123 exire
848 4053 1187 4122 volebant?
1231 4055 1652 4121 Habebantne
1696 4053 1799 4119 illi
1844 4055 1965 4120 soli
2010 4065 2257 4123 amatas
2302 4068 2575 4131 uxores?
2636 4066 2804 4148 Quid

409 4158 806 4237 Diomedes?
867 4161 1092 4226 Nonne
1155 4162 1394 4225 sciebat
1457 4157 1831 4248 Aegialeam
1882 4160 2055 4227 domi
2100 4164 2391 4232 relictam
2442 4170 2635 4237 fuisse
2654 4224 2669 4249 ‚
2721 4174 2800 4241 cf.

421 4278 476 4337 E
539 4266 706 4335 412?
775 4268 1075 4334 Potestne
1143 4287 1312 4333 nunc
1369 4272 1514 4352 post
1572 4272 1676 4332 tot
1738 4288 1935 4332 annos
1996 4268 2329 4338 Menelaus
2376 4279 2805 4349 recordatione

423 4376 726 4443 delectari
742 4421 759 4454 .
821 4374 978 4441 dum
1037 4376 1280 4460 cogitat
1338 4393 1610 4463 uxorem·
1665 4394 1759 4439 se·
1797 4375 1908 4441 vix
1971 4374 2216 4444 decimo
2272 4400 2434 4448 anno
2478 4404 2803 4454 reversum

423 4482 683 4570 perdere
729 4480 1006 4549 voluisse
1019 4481 1052 4547 Ρ
1099 4478 1268 4563 Quid
1313 4480 1568 4547 tandem
1613 4501 1827 4546 rerum
1872 4482 2109 4569 agebat
2144 4483 2395 4556 Helena
2408 4538 2427 4568 ,
2471 4512 2633 4577 quae
2670 4488 2805 4562 iam
