3414 5158
583 256 668 321 40
1586 271 1951 321 rmmmm.

585 441 803 527 posui:
874 443 985 512 τῆς
1049 436 1104 502 δ’
1175 435 1252 502 ἓν
1313 445 1470 517 τρεῖς
1535 438 1822 521 κεφαλαί
1884 442 1948 503 et
2010 440 2305 522 exspecto
2364 433 2550 502 firma
2592 437 2975 524 argumenta

589 546 818 632 quibus
867 544 1228 632 redarguar.

677 649 784 716 Ad
845 647 1034 716 Conti
1095 651 1306 736 copias
1370 648 1611 736 aliquid
1677 649 1905 716 addere
1965 649 2223 716 difficile
2272 655 2369 716 est
2387 697 2405 728 ,
2454 655 2591 715 tam
2636 649 2809 714 enim
2854 647 2968 712 ille

584 764 681 826 est
728 763 1060 825 accuratus
1079 803 1095 836 ‚
1146 763 1220 822 ut
1265 777 1392 822 non
1439 757 1755 822 discedere
1803 755 2003 822 soleat
2024 807 2042 842 ,
2080 759 2205 822 nisi
2243 763 2389 823 ante
2430 755 2719 821 effuderit
2758 754 2969 820 omnia

589 887 750 954 quae
811 867 880 929 in
943 864 1317 930 adversariis
1377 863 1624 928 babeat.
1724 863 1945 928 Unum
2010 868 2225 929 tamen
2286 864 2499 930 locum
2564 863 2777 927 inveni
2797 907 2814 938 ,
2861 861 2972 944 qui

591 993 740 1040 eum
789 970 1032 1056 fugisse
1077 969 1354 1035 videtur.
1453 969 1715 1034 Pindari
1762 969 2199 1054 fragmentum
2248 975 2343 1034 est
2388 990 2427 1034 a
2463 967 2804 1034 Plutarcho
2840 986 2969 1031 ser·

592 1084 818 1145 vatum
866 1074 943 1140 de
988 1074 1183 1161 Pyth.
1236 1073 1418 1140 Orac.
1468 1097 1517 1140 c.
1571 1074 1680 1151 29,
1739 1076 1905 1159 quod
1953 1076 2121 1160 apud
2167 1075 2521 1163 Bergkium
2570 1081 2664 1138 est
2708 1095 2768 1159 p.
2819 1069 2970 1139 719.

593 1183 835 1250 Mirum
905 1186 1000 1245 est
1071 1180 1237 1264 quod
1297 1183 1366 1244 in
1423 1198 1498 1246 eo
1561 1180 1837 1268 legitur:
1902 1181 1993 1244 τοὶ
2052 1183 2103 1246 δ’
2156 1183 2588 1257 ἐπίμπλων
2634 1177 2972 1256 ἐσσυμένως

597 1291 822 1360 πίθους.
875 1285 1149 1354 Goniicit
1194 1285 1513 1373 Bergkius
1560 1309 1779 1353 veram
1828 1288 2101 1353 formam
2149 1309 2283 1355 esse
2340 1289 2711 1363 ἐπίμπλευν.
2758 1287 2977 1371 Neque

597 1398 716 1462 hoc
778 1392 1063 1459 multum
1115 1393 1280 1456 mihi
1329 1393 1592 1470 arridet,
1643 1416 1846 1478 neque
1894 1395 2238 1472 ἐπίμπλων.
2338 1394 2755 1462 Scribendum
2804 1391 2979 1459 vide-

601 1509 708 1568 tur
752 1500 1217 1576 ἕπιμπλαν·
1265 1520 1390 1564 non
1436 1499 1624 1566 video
1673 1511 1840 1567 certe
1882 1523 1994 1566 cur
2034 1501 2268 1566 ultima
2306 1501 2557 1584 syllaba
2596 1501 2699 1565 hic
2724 1499 2981 1585 produci

601 1610 825 1674 debeat
897 1611 962 1670 et
1023 1610 1346 1691 praeterea
1410 1604 1651 1693 legitur
1699 1607 1925 1671 πίτναν
1971 1607 2157 1673 Nem.
2209 1607 2264 1672 V
2330 1609 2435 1673 11.
2498 1605 2796 1676 Ceterum
2845 1625 2985 1689 pro·

602 1733 758 1781 voco
819 1712 900 1778 ad
961 1711 1314 1775 Ahrentem
1379 1710 1456 1774 de
1520 1711 1685 1777 Dial.
1751 1712 1900 1778 Dor.
1964 1735 2026 1798 p.
2078 1712 2231 1792 317,
2296 1717 2405 1799 qui
2469 1714 2623 1779 dum
2672 1711 2983 1776 scribebat

602 1819 884 1885 nondum
935 1823 1114 1882 norat
1158 1816 1508 1899 διέλεχθεν,
1557 1817 1722 1900 quod
1770 1821 2093 1884 invenitur
2138 1821 2206 1883 in
2249 1821 2495 1886 foedere
2531 1819 2983 1903 Hierapytnio-

607 1947 754 1991 rum
803 1945 950 1989 cum
995 1921 1448 2009 Magnetibus,
1496 1923 1575 1987 cf.
1624 1925 1847 1987 Mnem.
1900 1924 1929 1988 Ι
1978 1947 2043 2009 p.
2096 1924 2241 1993 117.
2284 1926 2454 1990 Illud
2495 1928 2725 2002 etiam,
2769 1942 2988 2008 quam·

612 2053 799 2118 quam
849 2051 948 2094 res
995 2028 1074 2092 ad
1123 2027 1470 2092 Pindarum
1521 2029 1686 2094 nibil
1734 2033 2063 2114 pertineat.
2160 2031 2409 2097 Laudat
2458 2030 2699 2098 Contus
2746 2052 2805 2115 p.
2856 2027 2987 2095 327

611 2137 820 2202 Schol.
891 2135 1084 2200 Hom.
1149 2133 1328 2198 Iliad.
1391 2133 1473 2199 lV
1524 2135 1689 2199 222:
1742 2137 1800 2199 ἐν
1848 2144 1971 2206 τοῖς
2021 2138 2305 2209 τοιούτοις
2353 2139 2569 2216 τρίτοις
2622 2141 2654 2212 ἦ
2704 2136 2989 2213 συγκοπὴ

613 2242 995 2320 ἀναδέχεται
1065 2239 1239 2315 λῆξιν
1308 2242 1418 2314 τὴν
1487 2242 1680 2315 αὐτὴν
1751 2251 1825 2322 τῇ
1891 2243 2341 2322 παραληγούσῃ
2400 2251 2511 2317 τῆς
2573 2250 2817 2320 γενικῆς
2880 2246 2989 2312 τῆς

616 2349 786 2411 κατα
834 2348 942 2418 τὴν
989 2347 1286 2423 μετοχήν.
1338 2344 1579 2410 Deinde
1627 2349 1807 2430 ponit
1854 2349 2163 2432 quaedam
2219 2348 2543 2433 exempla:
2586 2347 2810 2422 ἔςησαν
2848 2346 2993 2414 ἔςαν

621 2453 841 2521 ςοὶντος
893 2450 1055 2530 γάρ·
1107 2449 1345 2528 ἔβησαν
1395 2449 1551 2527 ἔβαν
1599 2451 1831 2527 βαντος
1878 2456 2025 2530 γάρ.
2120 2453 2283 2519 Tum
2335 2455 2541 2520 addit:
2592 2455 2726 2530 περ)
2778 2452 2841 2516 δε
2888 2455 2993 2514 τοῦ

617 2567 726 2634 τῆς
793 2560 845 2624 δ’
911 2555 977 2633 ἦν
1040 2565 1198 2637 τρεῖς
1254 2559 1541 2633 κεφαλαί
1589 2559 1647 2622 ἕν
1697 2565 1820 2630 τοῖς
1872 2560 2005 2638 περὶ
2044 2561 2323 2639 ’ῥήματος
2374 2562 2633 2636 ἐροῦμεν.
2734 2560 2998 2643 Propter

616 2667 778 2731 hanc
843 2664 1192 2729 Herodiani
1253 2666 1757 2730 observationem
1823 2674 1970 2729 sunt
2032 2669 2141 2749 qui
2200 2669 2267 2729 in
2328 2666 2589 2751 reliquis
2636 2665 2996 2752 analogiam

617 2770 998 2853 sequendam
1065 2776 1325 2852 putent,
1391 2769 1499 2832 sed
1561 2769 1620 2832 ἓν
1677 2777 1891 2833 tamen
1936 2772 2272 2836 rescribere
2318 2792 2441 2835 uon
2490 2772 2796 2843 audeant,
2848 2789 2997 2834 cum

575 2880 956 2964 -genetivus
1013 2873 1176 2943 ὄντος
1239 2876 1341 2937 sit.
1437 2872 1558 2938 Sed
1627 2875 1770 2938 vide
1832 2872 1995 2943 ἔντες
2059 2883 2122 2941 et
2168 2875 2415 2942 ἔντασσι
2465 2881 2533 2941 in
2580 2878 2817 2943 tabulis
2864 2874 2997 2940 He-

617 2982 1042 3045 racleensibus
1098 2977 1346 3062 aliaque
1415 2998 1574 3062 quae
1621 2980 1895 3043 contulit
1940 2982 2186 3046 Ahrens
2234 3005 2293 3067 p.
2350 2984 2503 3069 323,
2552 2992 2626 3048 ut
2678 2983 2870 3048 etiam
2920 2983 2998 3045 ab

618 3084 736 3149 hac
783 3090 959 3168 parte
1007 3081 1067 3147 ἓν
1115 3104 1225 3167 pro
1276 3081 1430 3157 ἦσαν
1478 3086 1632 3148 satis
1681 3092 1896 3149 tutum
1946 3088 2052 3153 sit.

709 3296 803 3363 De
853 3296 1101 3361 Antaeo
1148 3296 1427 3383 legimus
1475 3297 1664 3381 Pyth.
1719 3297 1819 3362 IX
1870 3298 2019 3372 119,
2072 3304 2181 3383 qui
2232 3298 2429 3365 filiam
2474 3301 2828 3367 elocaturus
2868 3306 2999 3366 erat

618 3402 976 3470 velocitatis
1034 3405 1426 3487 praemium:
1491 3398 1626 3466 εἷπε
1690 3403 1745 3467 δ’
1796 3406 1855 3468 ἕν
1916 3404 2163 3481 μέσσοις
2226 3408 2744 3485 ἀπάγεσθαι,
2813 3405 2873 3479 ὃς
2924 3406 2998 3471 ἂν

618 3513 850 3590 πρῶτος
896 3509 1062 3588 θορὼν
1111 3508 1290 3589 ἀμφὶ
1329 3510 1380 3572 οἱ
1430 3508 1692 3587 ψαύσειε
1745 3510 2024 3585 πέπλοις.
2077 3512 2284 3579 Malo:
2339 3516 2381 3577 οἱ
2404 3538 2449 3591 y
2471 3538 2513 3577 α
2529 3539 2574 3592 y
2595 3513 2677 3578 έσ
2696 3515 2724 3578 θ
2746 3538 2787 3577 α
2808 3538 2849 3578 ι.

707 3724 888 3805 Quod
948 3722 1190 3811 legitur
1253 3723 1441 3788 Nem.
1489 3722 1580 3788 VI
1630 3722 1747 3789 48.-
1819 3724 2080 3789 πέτεται
2128 3726 2179 3789 δ’
2233 3726 2337 3789 ε’πΙ
2385 3750 2454 3790 τε
2505 3726 2699 3806 χθόνα
2750 3726 2854 3791 καὶ
2902 3726 3001 3791 διὰ

617 3832 942 3903 θαλάσσας
1011 3830 1285 3896 ostendit
1333 3832 1484 3914 quid
1533 3834 1850 3915 requiram
1900 3831 2125 3896 Istbm.
2178 3831 2283 3896 III
2336 3832 2453 3895 59:
2504 3834 2604 3897 ἐπὶ
2653 3832 2850 3914 χθόνα
2896 3832 2999 3897 καὶ

609 3940 712 4005 διὰ
753 3938 1043 4003 πόντον
1084 3935 1390 4013 βέβακεν,
1432 3956 1581 4000 nam
1617 3938 1711 4000 ibi
1738 3958 1983 4021 quoque
2024 3936 2321 4001 πόντου
2364 3945 2682 4022 praestare
2707 3940 3000 4007 arbitror.

706 4148 1040 4215 Articulus
1103 4146 1271 4213 male
1334 4149 1604 4213 iteratur
1659 4149 1728 4211 in
1793 4155 2075 4215 extremo
2122 4153 2402 4217 carmine
2450 4150 2639 4218 Nem.
2690 4151 2871 4218 VIII:
2939 4147 3004 4225 ἦν

618 4282 695 4337 γε
744 4258 873 4334 μὰν
922 4255 1245 4331 ἐπικώμιος
1294 4252 1475 4331 ὕμνος
1524 4254 1594 4326 δὴ
1642 4253 1848 4318 ποὶλαι
1888 4256 1993 4320 καὶ
2036 4258 2172 4338 πρὶν
2214 4256 2497 4335 γενέσθαι
2539 4259 2657 4323 τοὶν
2698 4259 2998 4338 Ἀδραςου

614 4362 759 4429 τοὶν
815 4386 886 4427 τε
950 4361 1270 4437 Καδμείων
1329 4362 1467 4441 ἔριν.
1565 4359 1706 4446 Ipse
1756 4361 1933 4428 vides
1984 4384 2095 4429 cur
2139 4384 2474 4449 reponam:
2532 4370 2679 4429 τῶν
2722 4390 2791 4431 τε
2842 4364 3001 4429 Καδ-
