3414 5158
586 307 722 375 200
1604 330 1924 381 nonnus.

494 576 499 581 η
680 491 847 561 Cum
896 494 1252 563 Scholiasta
1292 498 1590 563 scribitur
1632 523 1667 573 η
1709 497 1844 565 204
1881 498 2412 582 προπαροξυτόνως
2460 498 2500 579 ξ
2515 500 2550 569 ὖ
2571 525 2624 581 μ
2638 501 2688 582 β
2700 516 2743 568 λ
2759 526 2794 577 ιι
2812 525 2852 569 τ
2867 525 2912 569 α
2927 527 2970 569 ι.

584 602 811 669 Nonne
862 604 1099 669 rectius
1145 606 1268 670 erit
1314 602 1536 687 ξυμβ
1556 620 1595 671 λ
1616 604 1849 681 irat?

674 814 820 883 Nou
864 815 1161 905 intelligo
1209 817 1238 881 θ
1288 815 1461 883 264:

856 923 1181 1001 πέπληγον
1229 922 1293 989 δὲ
1340 922 1519 1004 χορὸν
1564 926 1595 989 0
1613 948 1642 989 ε
1660 932 1779 991 ῒον
1827 925 2002 991 ποσίν
2023 948 2041 967 ·
2094 927 2296 1008 αὐτὰρ
2349 927 2707 1001 Ὀδυσσεύς.

582 1034 801 1097 Nonne
824 1030 1229 1097 scribendum
1252 1029 1430 1112 χορὸν
1467 1045 1509 1097 λ
1527 1038 1640 1098 εῒο
1660 1029 1732 1097 v?
1770 1034 2038 1109 Λείηναν
2061 1040 2250 1120 certe,
2274 1056 2370 1102 vs.
2399 1033 2555 1102 260.
2599 1032 2696 1105 Of.
2725 1044 2785 1101 Ψ
2813 1035 2970 1107 359.

675 1245 704 1309 o
754 1242 1039 1433 4022„pr
1088 1375 1133 1415 π
1156 1351 1349 1429 ἀτερ
1398 1349 1440 1417 ὦ
1487 1349 1681 1427 ξεῖνεῐ
1732 1350 1876 1425 ἔπος
1923 1353 1976 1417 δ’
2023 1352 2192 1432 εἵπερ
2241 1377 2303 1419 τι
2349 1354 2704 1433 βέβακται.

579 1459 757 1548 Lege
803 1459 1089 1540 πατήρ.
1132 1457 1229 1527 Of.
1280 1458 1401 1540 Qu.
1446 1457 1645 1559 Hom.
1693 1481 1760 1546 p.
1817 1458 1967 1527 135.
2015 1460 2252 1527 Itidem
2299 1464 2546 1550 corrige
2591 1484 2632 1527 σ
2685 1460 2834 1529 122.

576 1770 613 1883 ·’
668 1676 709 1755 ⁶.
752 1672 883 1741 565
904 1721 921 1740 ⁸
943 1778 1283 1847 Ναυσιθόου
1332 1776 1394 1853 ὃς
1440 1778 1684 1863 ἔφασκε
1736 1778 2100 1847 Ποσειδάων’
2149 1778 2543 1859 ἀγάσασθαι.

576 1888 777 1977 Lege:
840 1886 1318 1967 ἀγάσεσθαι
1384 1894 1449 1954 et
1509 1886 1810 1986 similiter
1874 1888 2319 1976 corrigendum
2381 1913 2410 1953 ν
2461 1887 2610 1955 178.
2675 1888 2776 1959 Cf.
2841 1890 2963 1974 Qu.

574 1994 771 2063 Hom.
820 1996 857 2081 ς
906 1992 1028 2075 32,
1074 1999 1140 2060 in
1191 2015 1316 2082 qua
1362 1995 1470 2083 egi
1517 1995 1595 2061 de
1638 1992 1980 2062 infinitivis
2025 1994 2228 2060 futuri
2274 1995 2442 2081 apud
2487 1994 2866 2065 Homerum.

586 2226 595 2235 ·
668 2208 977 2297 Legimus
1040 2210 1071 2273 θ
1121 2204 1252 2276 56¹7
1315 2208 1393 2273 de
1452 2208 1758 2275 vaticinio
1820 2208 1991 2293 quod
2039 2208 2196 2275 olim
2241 2209 2636 2279 Phaeacibus
2681 2213 2964 2281 ediderat

568 2316 630 2383 Ν
634 2316 997 2383 ausithous:

844 2430 940 2504 Φῆ
991 2422 1141 2487 ποτὲ
1192 2423 1472 2499 Φαιήκων
1518 2421 1740 2504 ἀνδρῶν
1789 2420 2042 2503 ἐυεργέα
2092 2430 2206 2497 νῆα

781 2568 785 2573 -
842 2529 909 2596 ἐκ
957 2523 1212 2608 πομπῆς
1272 2530 1560 2597 ἀνιοῦσαν
1608 2530 1667 2594 ἐν
1716 2528 1999 2610 ἠεροειδέϊ
2041 2529 2242 2612 πόντῳ

844 2637 1237 2720 ῥαισέμεναι,
1287 2637 1465 2716 μέγα
1513 2637 1567 2702 δ’
1616 2634 1759 2714 ἧμιν
1805 2635 1927 2718 όρος
1974 2636 2150 2702 πόλει
2199 2639 2708 2720 ἀμφικαλύψειν.

564 2743 818 2831 Duplex
878 2743 1210 2811 oraculum
1272 2745 1429 2821 fuit,
1494 2744 1591 2808 uti
1654 2743 1869 2827 vides,
1933 2746 2219 2829 primum
2292 2747 2510 2812 navim
2583 2745 2960 2832 Neptunum

564 2851 905 2936 aliqnando
974 2853 1043 2916 in
1113 2871 1337 2916 saxum
1408 2869 1861 2916 conversurum
1931 2869 2100 2935 esse,
2163 2849 2391 2916 deinde
2453 2852 2676 2917 urbem
2738 2861 2959 2924 monte

564 2979 698 3024 esse
760 2957 1336 3024 circumdaturum.
1430 2956 1529 3022 Ex
1590 2955 1691 3020 his
1757 2961 2070 3040 quantum
2119 2957 2420 3035 coniici0,
2471 2957 2744 3024 alterum
2791 2963 2963 3046 quod

566 3064 907 3150 Neptunus
980 3065 1264 3131 minatus
1340 3069 1470 3148 est,
1539 3067 1752 3127 ratum
1823 3063 1978 3148 fuit3
2055 3061 2336 3128 alterum
2399 3083 2478 3128 nc
2539 3070 2752 3132 ratum
2799 3073 2966 3134 esset

562 3169 881 3237 Phaeaces
923 3170 1494 3256 supplicationibus
1530 3165 1960 3235 obtinuerunt.
2013 3168 2172 3236 Vide
2199 3169 2407 3236 modo.
2453 3170 2739 3257 Neptuni
2761 3174 2958 3242 verba

560 3286 711 3344 sunt
756 3303 785 3342 ν
835 3275 1003 3343 149:

650 3377 657 3384 ’
925 3387 1023 3449 νῦν
1076 3379 1157 3448 αὖ
1207 3383 1487 3459 Φαιήκων
1536 3381 1716 3447 ἐθέλω
1766 3382 2152 3464 περικαλλέα
2203 3388 2348 3456 νῆα

923 3491 993 3554 ἐκ
1043 3497 1298 3567 πομπῆς
1346 3491 1631 3554 ἀνιοῦσαν
1678 3488 1740 3552 έν
1791 3489 2071 3567 ἠεροειδέϊ
2113 3488 2311 3570 πόντῳ

854 3615 865 3638 -·
922 3599 1169 3681 ῥαΐσαι,
1216 3593 1290 3661 ἵν’
1339 3595 1447 3672 ssa»,
1505 3599 1820 3676 σχῶνται,
1871 3592 2267 3669 ἀπολλήξωσι
2315 3593 2376 3658 δὲ
2425 3604 2701 3673 πομπῆς.

552 3705 696 3772 Hoc
742 3718 947 3783 recte,
994 3724 1199 3788 neque
1246 3701 1474 3769 addere
1524 3703 1736 3787 potuit
1785 3700 1950 3785 quod
1998 3699 2187 3765 hodie
2231 3699 2525 3767 additum
2569 3702 2886 3790 leg-imus:

828 3812 1183 3894 ἀνθρώπων,
1234 3809 1412 3888 μέγα
1462 3807 1525 3874 δέ
1574 3815 1724 3889 σφιν
1770 3804 1890 3887 ὅρος
1941 3804 2117 3871 πόλει
2169 3807 2659 3888 ἀμφικαλύψαι.

555 3920 795 4005 Quodsi
861 3922 1034 3986 enim
1095 3919 1317 3984 urbem
1382 3919 1599 3981 monte
1676 3912 2228 3990 circumdedisset,
2293 3915 2447 3979 satis
2511 3914 2630 3982 hoc
2695 3922 2832 3983 erat
2876 3926 2952 3986 ut

554 4027 879 4094 Phaeacas
926 4028 1102 4092 omni
1152 4023 1533 4090 commercio
1572 4041 1722 4085 cum
1763 4017 2026 4104 reliquis
2065 4007 2438 4084 mortalibus
2475 4021 2954 4111 intercluderet,

550 4144 759 4224 neque
802 4155 1053 4208 necesse
1102 4136 1239 4198 erat
1286 4135 1431 4196 ante
1478 4133 1840 4194 convertere
1884 4125 2104 4191 navim
2148 4128 2217 4191 in
2263 4145 2512 4193 saxum.

638 4242 1008 4330 Respondet
1054 4237 1337 4324 Iupiter:
2096 4318 2103 4325 ,

912 4347 955 4414 ὦ
1002 4344 1235 4422 πέπον,
1285 4344 1364 4416 ὡς
1414 4340 1529 4420 μὲν
1578 4339 1705 4419 ἐμῷ
1753 4339 1920 4419 θυμῷ
1969 4335 2136 4422 δοκεῖ
2175 4332 2326 4402 εἶναι
2376 4337 2593 4418 ἀριςα,

916 4453 1151 4523 ὁππότε
1202 4474 1302 4517 κεν
1360 4448 1429 4525 δὴ
1479 4444 1710 4518 πάντες
1761 4441 2164 4523 ἐλαυνομένην
2191 4443 2571 4526 ,προΐδωνται
