3414 5158
1527 367 1751 416 rum.
2732 352 2817 418 49

433 536 550 596 est.
599 529 736 596 Nee
785 530 962 604 θῆται
1009 531 1204 596 nimis
1245 528 1487 616 placet,
1534 553 1649 598 neo
1695 532 2010 616 quomodo
2054 531 2233 598 loeus
2278 532 2689 621 corrigendus
2736 537 2821 598 sit

435 640 702 721 reperio.

529 741 734 829 Supra
777 745 844 806 in
886 742 944 807 D
989 762 1104 827 pro
1148 741 1324 825 ἄλλῳ
1369 742 1483 806 τινὶ
1528 741 1755 816 δήποτε
1805 743 2135 810 Bekkerus
2185 751 2351 824 „aut
2384 743 2499 810 τΙνι
2548 746 2821 811 seriben-

439 849 592 914 dum
656 849 928 933 videri,”
993 851 1120 934 ait,
1186 855 1340 927 „aut
1400 842 1618 929 ᾧτινι.”
1679 848 1804 914 Sed
1867 844 2025 931 ᾧτινι
2092 873 2173 918 ne
2219 852 2519 918 Atticum
2566 852 2823 937 quidem

439 961 549 1022 est.
601 953 811 1042 Lege,
858 956 1007 1020 ἀλλ’
1055 951 1230 1037 ἄλλῳ
1277 953 1431 1032 τινί,
1479 955 1611 1018 καὶ
1662 955 1831 1020 τίνι
1881 954 1950 1030 33,
1998 980 2171 1022 ποτε.

528 1059 682 1126 862.
731 1064 810 1128 A.
857 1058 1098 1147 Supple
1120 1107 1136 1126 .
1187 1061 1494 1132 πολλάκις
1542 1061 1604 1124 δὲ
1653 1060 1786 1146 (δι’)
1833 1060 2162 1141 ὠφέλειαν.
2226 1061 2386 1130 Mox
2431 1066 2498 1128 in
2547 1063 2667 1138 ἤθει
2720 1063 2823 1127 καὶ

439 1167 651 1246 δικαίῳ
700 1166 897 1248 τρόπῳ
945 1171 1254 1248 χρώμενος
1274 1215 1290 1244 ,
1340 1187 1467 1232 non
1514 1168 1608 1231 ita
1655 1169 2076 1233 construenda
2120 1173 2299 1247 sunt,
2354 1175 2659 1254 tanquam
2702 1169 2826 1245 ἤθει

439 1295 477 1339 a
521 1276 834 1354 χρώμενος
879 1274 1210 1357 penderet,
1259 1273 1370 1338 sed
1414 1272 1589 1338 idem
1635 1280 1732 1338 est
1781 1283 1970 1358 atque
2018 1274 2119 1338 διὰ
2167 1274 2237 1337 τὸ
2290 1269 2439 1348 ἦθος.

533 1379 698 1444 Ibid.
745 1377 821 1443 B.
873 1378 1121 1465 Optimi
1169 1377 1320 1443 libri
1368 1378 1672 1444 exhibent
1719 1377 1823 1443 καὶ
1872 1379 1944 1443 τὸ
1990 1381 2105 1456 μὲν
2152 1379 2448 1456 ἀβλαβὲς
2494 1377 2689 1457 ὑγιές,
2719 1380 2829 1446 sed

444 1488 512 1551 in
575 1488 867 1573 margine
927 1505 1040 1569 pro
1101 1484 1402 1564 ἀβλαβὲς
1464 1483 1742 1562 βλαβέν.
1836 1482 2047 1568 Olim,
2095 1491 2171 1549 ut
2217 1486 2471 1568 opinor,
2521 1487 2831 1569 seriptum

447 1591 654 1657 fuerat
713 1593 818 1656 καὶ
881 1593 950 1655 τὸ
998 1591 1110 1669 μὲν
1159 1589 1414 1666 βλαβὲν
1459 1607 1576 1675 pro
1622 1588 1923 1665 ἀβλαβές
1973 1592 2219 1674 optimo
2264 1610 2472 1654 sensu.
2564 1591 2670 1655 Ad
2713 1591 2833 1656 hoe

451 1695 746 1773 ἀβλαβὲς
810 1695 1225 1779 adscripserat
1287 1693 1519 1778 aliquis
1579 1694 1780 1773 ὑγιές,
1846 1694 2014 1778 quod
2060 1700 2471 1779 posteaquam
2518 1698 2588 1760 in
2633 1697 2835 1780 ipsius

449 1807 664 1866 locum
736 1801 943 1876 venit,
1014 1820 1165 1866 vera
1232 1799 1422 1864 lectio
1491 1801 1557 1862 in
1619 1801 1979 1887 marginem
2038 1799 2323 1886 relegata
2384 1806 2498 1865 est.
2590 1799 2835 1866 Deinde

446 1913 701 1972 secutus
746 1912 843 1971 est
889 1905 998 1990 qui
1045 1905 1164 1972 hoe
1208 1906 1422 1990 ipsum
1473 1904 1857 1971 vocabulum
1898 1905 2145 1970 variam
2186 1925 2319 1971 esse
2358 1906 2697 1973 lectionem
2722 1928 2836 1992 pro

442 2010 693 2090 βλαβὲν
755 2013 1031 2097 putavit.
1124 2009 1295 2075 Hine
1359 2009 1508 2076 illae
1569 2007 1833 2076 turbae!
1881 2009 2095 2098 Lege,
2146 2011 2250 2075 καὶ
2302 2011 2370 2076 τὸ
2420 2013 2533 2090 μὲν
2582 2014 2835 2092 βλαβὲν

445 2118 742 2196 ἀβλαβὲς
812 2125 937 2190 τοῖς
1013 2116 1210 2194 νόμοις
1283 2118 1365 2190 εἷς
1435 2117 1506 2182 τὸ
1569 2117 1823 2182 δυνατὸν
1890 2117 2166 2191 ποιητέον
2228 2119 2301 2184 τό
2345 2122 2405 2184 τ’
2454 2121 2835 2197 ἀπολόμενον

441 2226 930 2312 (οὶνα)σώζοντα
995 2225 1098 2288 καὶ
1166 2224 1236 2288 τὸ
1302 2225 1486 2288 πεσὸν
1551 2224 1669 2290 ὑπό
1730 2248 1835 2290 του
1882 2224 2076 2288 πάλιν
2126 2223 2517 2310 ἐξορθοῦντα,
2566 2229 2670 2292 καὶ
2720 2228 2834 2313 (so.

451 2331 749 2418 ποιητέον)
813 2333 884 2397 τὸ
947 2331 1286 2396 θανατωθὲν
1349 2331 1382 2404 ἢ
1450 2331 1663 2411 τρωθὲν
1731 2330 1899 2408 ὑγιὲς
1947 2332 2017 2396 τὸ
2067 2332 2118 2394 δ’
2167 2333 2429 2404 ἀποίνοις
2484 2333 2830 2414 ἐξιλασθὲν,

446 2446 572 2509 τοῖς
639 2437 757 2523 (δὲ)
823 2438 994 2517 δρῶσι
1056 2437 1160 2500 καὶ
1213 2437 1568 2516 πασχουσιν
1619 2433 1854 2508 ἓκοὶςας
1906 2443 2021 2501 τῶν
2064 2435 2369 2516 βλάψεων
2418 2439 2490 2503 ἐκ
2534 2438 2834 2521 διαφορᾶς

451 2545 596 2631 [εἷς]
644 2543 868 2625 φιλίαν
915 2539 1230 2622 πειρατέον
1278 2540 1374 2605 αεὶ
1423 2541 1750 2610 καθιςοὶναι
1798 2549 1923 2613 τοῖς
1975 2539 2196 2619 νόμοις.

539 2649 705 2716 Ibid.
755 2648 833 2713 D.
886 2647 918 2722 ἢ
971 2648 1076 2712 καὶ
1125 2646 1194 2710 τὸ
1243 2646 1803 2727 παρῶπΛΝ”ΛΜῳ
1852 2670 1967 2711 τινι
2006 2646 2204 2727 τρόπῳ
2232 2686 2312 2696 -
2340 2651 2433 2713 sio
2468 2648 2835 2737 legendum.

537 2754 705 2820 Ibid.
767 2754 841 2819 Ε.
911 2752 1078 2827 δίκην
1142 2750 1402 2817 τούτοισι
1467 2753 1602 2817 καὶ
1667 2753 1910 2829 νόμον
1972 2752 2137 2824 θήσει
2190 2754 2347 2818 τινα.
2396 2751 2710 2829 Quoniam
2760 2755 2838 2820 de

452 2864 680 2927 mortis
740 2879 942 2946 poena
1006 2860 1221 2947 agitur
1284 2879 1410 2924 vox
1473 2860 1820 2943 requiritur
1879 2876 2039 2942 quae
2081 2859 2276 2925 huius
2324 2860 2489 2937 δίκης
2539 2866 2835 2925 naturam

447 2970 798 3053 exprimat,
847 2967 974 3030 nisi
1020 2965 1182 3030 forte
1227 2964 1480 3049 scripsit
1525 2962 1691 3040 δίκην
1738 2987 1796 3029 τ.
1850 2964 1984 3028 καὶ
2050 2960 2185 3041 ἅμ’
2244 2963 2409 3045 ὅρον
2457 2968 2623 3040 θήσει
2670 2964 2827 3030 τινα.

538 3072 694 3139 863.
753 3074 832 3137 Α.
903 3070 1056 3147 ἥδιον
1104 3071 1159 3136 δ’
1209 3070 1286 3135 ἂν
1336 3070 1426 3136 ἔτι
1478 3071 1821 3151 σαφές-ερον
1868 3072 2246 3147 ἀκούσαιμεν
2295 3076 2507 3136 ταῦτα
2558 3073 2830 3153 ῥηθέντα.

445 3178 626 3245 Haeo
690 3174 932 3245 Graeca
991 3196 1116 3242 non
1163 3196 1296 3241 esse
1345 3178 1553 3261 quivis
1601 3175 1853 3261 videat3
1902 3175 2009 3241 sed
2057 3176 2296 3260 scribe,
2342 3180 2551 3242 ταῦτα
2596 3180 2684 3243 τὰ
2729 3182 2833 3260 ῥη-

447 3286 626 3353 θέντα
678 3333 695 3351 .
722 3334 739 3351 .
767 3332 782 3348 .
814 3332 831 3349 .
877 3286 953 3355 ὡς
1003 3307 1064 3347 εν
1112 3284 1344 3354 τούτοις
1393 3281 1917 3359 διαπεποίκιλται,
1944 3317 2026 3329 —-
2056 3281 2184 3360 „ra
2230 3282 2482 3363 ρηθέντα
2512 3333 2528 3359 ,
2575 3292 2647 3348 ut
2692 3286 2830 3369 ipse

448 3394 758 3481 explieat,
809 3396 960 3456 sunt
1004 3390 1082 3455 de
1129 3388 1498 3454 discrimine
1545 3389 1788 3461 ἀδικίας
1837 3394 1903 3453 et
1946 3388 2213 3466 βλαβῆτε
2263 3396 2411 3456 cett.
2458 3399 2545 3456 Εν
2589 3393 2824 3463 τούτοις

448 3510 546 3569 est
606 3502 716 3579 „in
776 3497 878 3562 his
934 3516 1093 3581 quae
1138 3494 1328 3560 modo
1374 3492 1630 3559 dixisti''
1677 3532 1764 3543 —
1814 3494 2357 3580 διαπεποίκιλται,
2410 3498 2656 3575 „varias
2682 3495 2827 3561 for-

446 3628 586 3673 mas
633 3602 954 3670 sumunt.”
1045 3601 1272 3686 Itaque
1319 3603 1527 3665 omnis
1575 3602 1776 3666 oratio
1820 3601 1947 3665 hue
1996 3602 2181 3667 redit.
2268 3600 2381 3680 „In
2429 3602 2531 3667 his
2574 3602 2831 3667 iudioiis

447 3714 825 3798 poenisque,
889 3728 1045 3793 quas
1108 3708 1517 3783 memorasti,
1584 3705 1957 3772 discrimina
2016 3706 2166 3790 illa,
2229 3727 2390 3791 quae
2448 3713 2598 3773 sunt
2664 3711 2832 3773 inter

447 3818 707 3895 βλαβὴν
769 3820 834 3881 et
881 3813 1120 3879 ἀδικίαν
1167 3812 1443 3878 ἀκούσιον
1485 3817 1550 3875 et
1599 3811 1861 3875 ἑκούσιον
1890 3856 1937 3889 „
1962 3810 2080 3874 sub
2127 3813 2322 3877 variis
2366 3812 2589 3877 formis
2633 3833 2827 3897 appa-

446 3926 651 3990 rentia
669 3972 687 3999 ,
734 3922 971 3987 discere
1024 3918 1277 4004 cupio.”

517 4029 696 4101 864.
757 4028 843 4092 A.
907 4028 1018 4101 τὴν
1078 4025 1140 4089 δὲ
1202 4028 1310 4088 τοῦ
1356 4024 1564 4103 cipis-ov
1615 4019 1799 4097 δόξαν
1848 4016 2079 4104 ὅπῃπερ
2126 4020 2218 4085 ἂν
2266 4019 2611 4087 ἔσεσθαι
2658 4022 2824 4087 τού·

446 4160 595 4202 των
660 4134 1013 4213 ἡγήσωνται
1077 4130 1314 4202 πόλις
1377 4128 1490 4195 εἴτ’
1554 4128 1793 4195 ἰδιῶταί
1854 4152 2011 4201 τινες
2076 4152 2135 4192 κ.
2160 4150 2218 4192 τ.
2246 4129 2297 4193 ἑ.
2342 4127 2550 4217 Lege,
2595 4126 2827 4213 ὅπῃπερ

448 4242 539 4308 ἂν
587 4238 918 4307 ἕπεσθαι
967 4238 1221 4317 τούτῳ
1272 4238 1378 4313 ἠγ.
1430 4235 1654 4307 πόλεις.
1714 4270 1798 4283 -

537 4347 694 4413 Ibid.
745 4344 826 4412 B.
871 4344 970 4409 Ne
1013 4341 1202 4408 Plato
1251 4362 1585 4407 numerare
1629 4361 1757 4407 non
1803 4360 1982 4425 posse
2020 4340 2313 4406 videatur
2350 4339 2563 4427 legere
2599 4342 2823 4407 malim

449 4454 704 4521 ἐλπίδων
755 4452 816 4518 δὲ
866 4451 971 4517 καὶ
1021 4448 1194 4525 δόξης
1242 4454 1352 4521 τῆς
1400 4448 1763 4525 ἀμαθοῦς
1811 4448 1998 4528 πρὸς
2042 4445 2284 4529 τᾶριςον
2324 4446 2569 4531 ἔφεσις,
2606 4450 2821 4529 τρίτον.

2500 4570 2535 4619 4
