3414 5158
593 355 722 422 152
1576 369 1979 423 naevorum

583 541 884 606 servavit.
978 539 1055 605 In
1103 543 1160 606 A
1181 539 1238 626 B
1285 544 1382 605 eet
1429 537 1929 621 καταφεύγουσι.
2026 537 2186 620 Quis
2232 539 2447 604 credat
2486 538 2790 604 audacem
2830 535 2971 604 Gri-

581 647 786 712 ticum
849 645 928 712 de
989 667 1106 714 suo
1149 649 1555 733 supposuisse
1599 647 1874 712 formam
1919 648 2253 732 antiquam
2299 651 2366 712 et
2410 647 2726 734 tragicam
2774 667 2971 709 κατα-

582 751 984 838 φυγγάνουσι
1000 751 1028 819 ‘f

675 951 783 1018 vl.
839 949 959 1016 16:
1009 949 1215 1027 ἐπειδὴ
1261 950 1326 1016 δὲ
1372 950 1702 1031 ἐσέβαλον.

675 1057 738 1124 Β
781 1055 919 1124 ἐπεὶ
965 1057 1029 1126 δὲ
1075 1056 1245 1146 quod
1289 1061 1588 1144 praestat.

996 1365 1136 1438 νηοῦ
1181 1361 1234 1428 δ’
1285 1361 1578 1442 ἡμετέρου
1628 1359 1925 1440 Διδύμοις
1971 1359 2219 1428 άλλοισι
2267 1359 2550 1440 μελήσει.

679 1465 856 1536 Male
893 1467 1072 1536 abest
1107 1471 1522 1555 praepositio:
1565 1470 1782 1554 itaque
1816 1467 2198 1556 legendum:
2243 1465 2537 1546 ἡμετέρου
2578 1470 2630 1530 ’ν
2657 1465 2974 1545 Διδύμοις.

679 1574 834 1642 Post
895 1592 1131 1661 pauca:
1200 1573 1320 1657 ἱρὸν
1379 1573 1442 1640 δὲ
1504 1576 1574 1640 τὸ
1637 1575 1697 1640 ἐν
1759 1572 2085 1651 Διδύμοισι
2152 1573 2319 1660 [καὶ]
2366 1574 2394 1639 δ
2445 1571 2577 1649 νηός
2622 1596 2695 1639 τε
2742 1573 2848 1638 καὶ
2903 1571 2975 1637 τὸ

585 1685 912 1764 χρηςήριον
957 1680 1302 1755 συληθέντα
1348 1681 1795 1761 ἐνεπίμπρατο.

673 1787 1059 1856 Rectissime
1119 1787 1180 1854 R
1239 1790 1682 1874 importunum
1744 1787 1853 1853 καί
1912 1787 2191 1866 omittit,
2254 1805 2381 1872 qno
2430 1789 2675 1852 retento
2721 1786 2790 1851 in
2840 1804 2977 1870 sqq.

589 1917 662 1960 τε
709 1894 820 1961 καί
866 1894 1096 1962 vitiose
1142 1895 1390 1961 dictum
1437 1895 1580 1961 erit.

681 2091 802 2159 VI.
849 2093 969 2159 20:
1022 2091 1259 2173 Τίγρης
1309 2092 1590 2171 ποταμὸς
1639 2129 1727 2143 -
1777 2093 1837 2163 ἐς
1888 2092 2217 2162 θάλασσάν
2268 2091 2442 2171 ἐξίει.

681 2196 1102 2266 scribendum
1150 2197 1314 2276 ἐξιεῖ.
1363 2197 1681 2265 Similiter
1724 2197 1851 2265 VI.
1904 2196 2025 2268 3¹7:
2074 2199 2319 2280 βλαςὸν
2366 2196 2581 2265 οὐδένα
2620 2204 2831 2276 μετιεῖ
2868 2215 2981 2282 pro

597 2305 798 2384 μετίει
823 2353 839 2384 ,
896 2312 962 2371 et
1020 2305 1102 2370 ad
1163 2304 1426 2372 eandem
1485 2325 1777 2372 normam
1839 2305 2198 2393 corrig-endi
2263 2309 2413 2371 sunt
2456 2303 2583 2371 loci
2629 2307 2825 2370 ceteri
2872 2303 2985 2369 ubi

600 2430 760 2497 opus
821 2415 918 2478 est
975 2413 1295 2498 praesenti
1355 2417 1660 2498 tempore.
1755 2411 2005 2498 Nempe
2067 2409 2254 2497 ἐξίει,
2299 2412 2501 2490 μετίει
2550 2414 2616 2476 et
2660 2412 2804 2476 sim.
2858 2411 2983 2476 im-

599 2516 879 2605 perfecta
922 2522 1093 2585 sunt.

687 2716 802 2783 VI.
854 2716 971 2783 23:
1024 2716 1419 2797 πΕῙθομένων
1464 2718 1530 2785 δὲ
1575 2724 1692 2786 τῶν
1742 2718 2001 2799 Σαμίων
2044 2718 2151 2786 καὶ
2191 2717 2471 2801 σχόντων
2510 2719 2622 2795 τὴν
2661 2718 2981 2799 Ζάγκλην,

687 2822 829 2891 Imo
875 2843 1025 2893 vero
1070 2824 1432 2903 πΙθομένι-ιν.

687 3019 797 3086 VI.
844 3019 968 3088 22:
1019 3022 1080 3086 ἐν
1125 3016 1170 3104 ᾧ
1215 3020 1438 3088 τοιόνδε
1491 3023 1622 3111 [δὴ]
1672 3047 1733 3089 τι
1777 3022 2085 3100 συνήνεικε
2134 3020 2439 3103 γενέσθαι.

683 3127 880 3196 Recte
927 3127 1271 3195 Vaticanus
1316 3128 1480 3196 liber
1525 3129 1597 3205 δή
1645 3131 1920 3198 omittit.

687 3326 798 3395 VI.
867 3325 990 3396 25:
1081 3328 1346 3403 Φοίνικες
1435 3330 1859 3398 κελευσάντων
1936 3329 2211 3413 Περσέων
2281 3340 2557 3411 κατῆγον
2630 3332 2691 3406 ἐς
2768 3330 2985 3412 Σάμον

599 3432 865 3501 Αἱάκεα.

687 3539 973 3608 Eruenda
1038 3541 1445 3622 κατήγαγον,
1495 3564 1647 3609 nam
1694 3542 1874 3611 nullo
1912 3542 2128 3612 labore
2146 3592 2164 3623 ,
2213 3542 2393 3611 nullo
2438 3543 2753 3630 pericu10,
2806 3543 2986 3612 nullo

595 3651 989 3736 repugnante
1033 3646 1358 3715 hominem
1403 3651 1470 3715 in
1518 3650 1794 3737 patriam
1838 3650 2247 3717 reduxerunt.
2309 3650 2767 3736 Imperfectum
2818 3660 2989 3718 recte

593 3756 854 3841 ponitur
914 3756 964 3819 si
1014 3774 1206 3839 quem
1252 3753 1506 3822 exulem
1555 3758 1626 3823 vi
1672 3762 1737 3822 et
1784 3756 1980 3822 armis
2026 3758 2269 3824 incerto
2315 3763 2549 3824 eventu
2595 3760 2662 3823 in
2711 3759 2986 3843 patriam

591 3860 889 3927 reducere
949 3866 1342 3929 conarentur.
1409 3860 1525 3928 VI.
1591 3862 1666 3927 5:
1732 3864 1979 3932 Ἱςιαῒον
2044 3870 2173 3929 Χῖοι
2221 3868 2500 3941 κατῆγον
2559 3863 2620 3937 ἐς
2671 3864 2986 3941 Μίλητον,

596 3967 708 4033 ubi
767 3968 834 4032 in
896 3966 956 4032 R
1016 3968 1389 4047 κατήγαγον
1451 3970 1768 4054 scriptum
1831 3974 1963 4047 est,
2014 3969 2123 4036 sed
2170 3990 2533 4058 perperam,
2590 3990 2869 4055 namque
2914 3990 2990 4036 ea

595 4093 694 4138 res
749 4073 986 4139 frustra
1048 4074 1177 4140 fuit
1237 4078 1301 4141 et
1362 4086 1673 4161 tyrannus
1693 4125 1713 4151 ‚
1783 4095 1975 4161 quem
2027 4076 2323 4143 reducere
2369 4080 2435 4141 in
2483 4079 2759 4162 patriam
2808 4096 2989 4144 cona·

594 4179 844 4258 bantur,
895 4199 932 4244 a
979 4179 1256 4247 Milesiis
1303 4178 1594 4266 repulsus
1641 4186 1777 4260 est,
1824 4182 2073 4255 άπωςὸς
2122 4189 2233 4256 τῆς
2279 4184 2501 4249 ἑωυτοῦ
2553 4182 2820 4261 γίνεται.

690 4375 802 4442 VI.
850 4375 975 4443 28:
1022 4378 1092 4441 in
1133 4374 1320 4443 libris
1367 4380 1504 4443 est:
1554 4378 1622 4442 ἐκ
1669 4376 1920 4458 Λέσβου
1967 4378 2031 4444 δὲ
2079 4379 2557 4457 ΔΕΙμαινούσης
2598 4380 2650 4445 οἱ
2692 4386 2802 4455 τῆς
2844 4401 2989 4461 τρα-

597 4490 729 4557 τιῆς
777 4482 961 4566 πέρην
1006 4482 1318 4562 διαβαίνει
1371 4522 1454 4533 -
1503 4486 1582 4558 ὥς
1630 4484 1887 4563 άμήσων
1933 4484 2037 4551 τὸν
2083 4492 2272 4552 σῖτον.
