3414 5158
1504 387 1746 440 monuo.
2669 367 2804 438 289

408 560 475 623 et
519 555 719 622 semel
766 577 844 622 ex
890 554 986 622 sil.
1038 553 1125 622 38
1174 555 1471 642 intemqo)
1488 605 1507 642 ,
1542 557 1794 641 paulum
1813 606 1830 641 ‚
1879 557 2116 622 Paucae
2131 603 2151 642 ,
2199 557 2402 622 littera
2420 603 2438 636 ‚
2486 556 2636 622 litus
2682 557 2804 642 (se-

406 661 605 750 mel),
660 663 925 728 avolum·
945 711 963 740 ‚
1026 663 1365 728 votnm-ibus
1381 710 1398 740 ‚
1460 663 1619 744 volffi
1635 709 1653 740 ,
1710 663 1890 730 voltis
1954 661 2090 748 (sed
2147 663 2279 727 vult
2325 661 2412 728 65
2459 668 2526 729 et
2574 685 2651 730 ex
2699 662 2800 729 sil.

407 769 595 834 vultis
642 767 793 856 38);
842 773 1202 836 constanter
1248 790 1496 855 quoque
1541 793 1573 833 ε
1616 775 1758 855 post
1807 792 1848 834 ω
1892 772 2248 836 omittitur:
2305 776 2612 854 expectare
2656 769 2801 855 (ter,

406 874 608 941 semel
653 896 733 942 ex
780 883 1011 959 excepto
1057 875 1245 962 corr.)
1258 923 1275 955 ,
1328 876 1503 941 extiti
1541 876 1713 963 (ter),
1755 876 2063 940 exsisteret
2101 873 2195 940 111
2236 878 2278 940 4
2319 880 2384 941 et
2424 873 2512 941 23
2560 876 2806 962 (contra

405 978 521 1067 25)
543 1028 561 1059 ,
625 983 921 1048 mlta-see
940 1029 957 1061 ,
1019 983 1271 1048 exilium
1316 973 1543 1069 (semel
1586 980 1886 1048 exsilium
1938 980 2005 1059 6,
2057 1003 2137 1049 ex
2183 980 2352 1068 sil.);
2399 983 2806 1048 sescentesimo

408 1085 581 1174 (68);
631 1090 839 1154 incoho
888 1090 1133 1176 (contra
1177 1087 1292 1155 III.
1343 1087 1436 1176 3).

494 1193 592 1259 De
654 1213 694 1260 P
754 1201 899 1281 post
958 1213 1011 1261 u
1068 1197 1311 1262 inserta
1368 1214 1494 1262 non
1550 1197 1707 1262 satis
1757 1199 2031 1262 constat:
2081 1201 2518 1260 commorunt
2566 1193 2766 1262 semel
2781 1241 2800 1273 ‚

408 1299 687 1387 (sumtum
733 1300 823 1366 Π.
872 1298 983 1380 27,
1030 1309 1223 1368 sumta
1280 1300 1361 1368 II.
1412 1299 1525 1388 30)
1545 1352 1566 1387 ‚
1614 1301 1724 1368 sed
1770 1308 2034 1385 emtus
2081 1301 2182 1367 bis
2229 1323 2306 1368 ex
2355 1300 2457 1367 sil.
2504 1303 2803 1388 (temtaret

404 1405 498 1473 ΙΙ.
547 1405 681 1494 23).
746 1405 982 1474 Cotidie
1028 1414 1093 1474 et
1140 1408 1355 1473 vilicus
1400 1408 1511 1474 sed
1556 1407 1815 1496 singula
1855 1405 2055 1474 semel
2101 1411 2374 1472 tantum.

494 1635 591 1685 -1s
652 1620 1015 1705 ubicunque
1062 1618 1130 1684 in
1176 1618 1345 1705 plur.
1395 1616 1436 1683 3
1485 1617 1645 1685 decl.
1693 1617 1930 1685 diserte
1978 1623 2237 1685 notatur
2254 1668 2271 1703 ‚
2319 1625 2490 1684 recte
2535 1639 2803 1706 usurpa-

403 1729 511 1790 tur
571 1727 643 1790 in
694 1727 1057 1792 accusativo
1120 1730 1375 1791 tantum
1393 1772 1412 1803 ,
1471 1745 1595 1791 non
1657 1726 1727 1790 in
1771 1726 2168 1790 nominativo
2189 1771 2206 1802 ,
2254 1745 2370 1790 nec
2413 1726 2482 1790 in
2527 1727 2804 1792 nomini-

408 1831 525 1897 bus
572 1852 735 1916 quae
779 1833 805 1894 i
848 1831 1122 1897 radicale
1164 1851 1290 1897 non
1334 1830 1591 1897 habent.
1643 1827 2021 1898 Constanter
2066 1835 2131 1896 et
2177 1851 2362 1916 saepe
2408 1837 2614 1916 omnia,
2656 1831 2804 1896 civis

406 1935 669 2023 (semel,
732 1938 768 2021 5
818 1935 887 2021 5,
932 1936 1103 2003 male
1149 1938 1364 2024 corn).
1412 1935 1512 2002 Ex
1556 1935 1812 2003 silentio
1858 1943 2104 2022 septem
2151 1935 2312 2003 locis
2363 1959 2462 2002 -es
2504 1938 2573 2003 in
2620 1957 2804 2004 accu-

403 2044 611 2110 sativo
659 2042 1165 2130 deprehenditur.

492 2276 551 2323 -1
596 2258 667 2323 in
713 2260 1011 2346 genetivo
1056 2258 1601 2324 substantivorum
1647 2259 1978 2324 invenitur
2021 2259 2090 2324 in
2149 2258 2387 2342 Opimi,
2431 2257 2609 2323 Baebi
2621 2307 2640 2342 ,
2679 2259 2802 2323 Pa-

401 2368 565 2448 cuvi,
627 2366 696 2428 in
756 2367 1035 2449 quinque
1100 2364 1244 2430 aliis
1304 2369 1657 2430 correctum
1722 2384 1913 2451 supra
1957 2367 2194 2449 scripta
2239 2363 2439 2431 altera
2484 2365 2529 2428 i.
2621 2362 2800 2430 Haec

401 2472 621 2534 notata
639 2518 657 2552 ‚
706 2469 952 2552 reliqua
997 2471 1159 2557 (sex)
1207 2469 1503 2555 exempla
1549 2490 1628 2535 ex
1674 2469 1932 2535 silentio
1977 2475 2029 2533 ii
2063 2471 2296 2536 habere
2330 2469 2800 2558 intelleguntur

402 2575 539 2641 sine
586 2573 781 2642 dubio
827 2577 1046 2642 minus
1091 2581 1260 2642 recte
1277 2623 1293 2656 ‚
1342 2583 1417 2642 ut
1460 2581 1796 2662 poetarum
1839 2575 1967 2643 loci
2005 2576 2230 2643 docent
2251 2624 2268 2656 ,
2313 2579 2423 2663 qui
2464 2600 2582 2642 non
2619 2598 2801 2643 usur-

399 2684 557 2767 pant
620 2680 943 2767 duplicem
1006 2681 1311 2748 litteram.
1405 2681 1471 2749 N
1474 2703 1554 2747 on
1601 2703 1748 2749 vero
1793 2686 1861 2747 in
1909 2682 2125 2749 dativo
2172 2700 2268 2749 —1s
2312 2700 2546 2769 pro-ns
2563 2730 2580 2762 ,
2630 2687 2800 2750 certe

398 2807 653 2873 perraro
693 2794 917 2873 poetae
962 2794 1291 2874 usurpant.
1362 2787 1788 2875 Excipiuntur
1835 2793 2048 2855 tamen
2094 2790 2278 2853 isdem
2323 2794 2389 2855 et
2427 2789 2582 2853 idem
2622 2808 2797 2855 nom.

396 2892 563 2978 plur.
637 2892 957 2980 disyllaba
1025 2894 1262 2984 vulgo;
1321 2894 1605 2980 reliqua:
1670 2896 1764 2959 ali
1825 2902 1996 2975 (nom
2045 2893 2163 2982 pl.)
2211 2900 2277 2961 et
2322 2896 2444 2961 alie
2461 2945 2478 2980 ,
2521 2897 2762 2979 proprie
2778 2944 2797 2981 ,

394 3003 543 3061 eoois
564 3046 583 3081 ,
610 3004 896 3086 poemat,
936 3001 1179 3065 consilis
1215 3020 1340 3067 non
1380 3005 1644 3087 possunt
1682 3000 2224 3087 quemadmodum
2263 3020 2288 3067 1
2326 3001 2393 3067 in
2415 3006 2633 3089 genet.
2657 3022 2800 3088 pro·

396 3106 781 3170 nuntiationi
844 3106 1137 3173 adscribi.
1234 3108 1311 3173 In
1376 3108 1593 3173 dativo
1644 3111 1709 3173 et
1757 3106 1950 3173 ablat.
1999 3125 2346 3192 pronomen
2399 3123 2462 3174 Is
2505 3108 2696 3174 modo
2741 3110 2798 3173 ie

394 3210 585 3277 modo
630 3211 711 3275 iic
756 3210 949 3278 habet
998 3212 1110 3298 (67
1160 3213 1258 3278 bis
1309 3211 1416 3298 68,
1470 3212 1605 3299 50).
1653 3212 1782 3279 Hic
1829 3233 2078 3299 quoque
2118 3218 2426 3280 corrector
2462 3216 2490 3277 i
2527 3214 2796 3282 subinde

396 3316 677 3399 addidit,
744 3319 1094 3405 corrigens:
1148 3320 1517 3405 praesidiis,
1580 3325 1782 3397 vitiis,
1831 3320 1912 3383 iis
1959 3319 2124 3405 (50),
2173 3325 2238 3385 et
2283 3322 2349 3385 in
2397 3321 2794 3389 nominativo

397 3422 815 3487 Lacedemonii
877 3423 1039 3511 (25).
1093 3422 1392 3491 Ceterum
1442 3429 1509 3491 in
1554 3447 1728 3492 nom.
1777 3426 1865 3511 pl.
1916 3426 2189 3511 (praeter
2234 3426 2413 3506 idem)
2457 3446 2484 3491 1
2526 3446 2648 3492 non
2700 3426 2794 3491 in-

395 3530 543 3593 veni
604 3531 729 3595 nisi
789 3532 853 3594 in
904 3531 972 3593 di
1016 3536 1081 3597 et
1125 3535 1216 3595 ali
1263 3531 1431 3617 (bis).
1485 3568 1565 3581 --
1614 3532 1832 3599 Multo
1879 3534 2186 3599 maiorem
2233 3554 2576 3599 numerum
2625 3531 2794 3598 loco·

395 3653 543 3699 rum
588 3635 821 3701 habere
870 3652 991 3703 -ns
1038 3657 1117 3703 ex
1166 3636 1424 3703 silentio
1468 3635 1892 3725 intellegitur.

485 3862 531 3911 D
564 3852 644 3913 ,et
692 3866 731 3911 r1¹
778 3846 1001 3915 finalis.
1058 3848 1375 3936 Perpetuo
1422 3851 1722 3917 scribitur
1769 3851 1822 3916 it
1867 3858 1964 3931 (=
1993 3851 2124 3939 id),
2173 3859 2318 3937 aput
2338 3902 2353 3930 ,
2409 3854 2634 3934 adque,
2683 3854 2790 3919 ad‘

395 3951 535 4036 qui,
582 3962 709 4028 eet,
756 3960 823 4015 ar»
868 3956 972 4037 (=
995 3954 1142 4041 ad),
1191 3956 1369 4040 aaut,
1418 3957 1633 4037 inquid
1676 3978 1789 4042 pro
1837 3978 1961 4043 quo
2007 3964 2104 4023 ter
2141 3979 2218 4025 ex
2255 3958 2508 4025 silentio
2531 3964 2791 4044 apparet

392 4057 591 4142 inquit
652 4061 987 4144 scriptum.
1082 4060 1390 4148 Reliquae
1459 4065 1687 4129 tertiae
1731 4084 2030 4147 personae
2072 4066 2309 4131 habent
2359 4083 2429 4130 -⁷1·
2449 4111 2465 4144 ‚
2513 4072 2587 4131 ut
2635 4064 2792 4131 talia

393 4169 715 4249 monstra,
786 4163 1004 4249 qualia
1071 4166 1174 4231 hic
1240 4166 1376 4233 illic
1437 4170 1505 4233 in
1567 4168 1956 4256 Vergilianis
2015 4169 2207 4237 MSS.
2273 4177 2674 4257 comparent,
2724 4172 2798 4237 id

393 4269 493 4357 (=
516 4274 591 4348 it)
610 4318 629 4353 ,
678 4271 911 4355 liquid,
960 4273 1183 4353 nequid
1226 4273 1455 4359 (verb.)
1502 4294 1540 4340 a
1588 4274 2002 4361 palimpsesto
2050 4278 2282 4344 absint.
2353 4276 2478 4344 Sed
2527 4280 2786 4346 omnino

390 4373 434 4441 3
476 4396 742 4462 persona
784 4379 853 4441 in
907 4388 969 4440 -t
988 4427 1006 4461 ‚
1055 4378 1377 4447 ablativus
1425 4382 1726 4467 antiquus
1775 4384 1910 4448 sine
1958 4386 2326 4469 exceptione
2366 4386 2434 4449 in
2481 4386 2559 4449 -d
2595 4384 2788 4464 exiit3

387 4482 757 4551 istiusmodi
803 4486 1017 4553 exitus
1064 4486 1403 4553 verborum
1452 4486 1799 4558 admodum
1847 4496 1998 4557 sunt
2042 4510 2202 4557 rara.
2482 4510 2488 4516 ·
