3414 5158
1520 309 1745 359 Puro.
2712 292 2838 358 183

450 477 607 542 haec
653 479 748 542 ita
793 479 1172 565 corrigereS,
1225 473 1315 542 ὅτι
1362 475 1432 542 τὸ
1481 473 1596 554 μέν
1645 475 1778 540 ἔστι
1830 475 1963 556 περὶ
2013 476 2291 557 φοβεροὶ,
2339 475 2472 541 καὶ
2520 472 2557 540 δ’
2568 499 2645 540 τι
2693 475 2830 540 καὶ

450 583 537 648 τὰ
585 584 760 674 θηρία
806 582 1066 665 μετέχει
1114 588 1223 658 τῆς
1273 583 1517 663 ἀνδρίας
1541 632 1558 660 ,
1607 602 1831 649 verum
1880 583 2139 667 quidem
2184 583 2253 647 id
2301 586 2502 659 esset,
2552 584 2661 650 sed
2701 585 2840 648 iure

451 691 831 755 miraremur
877 711 990 755 cur
1035 689 1236 754 ullam
1285 689 1364 756 de
1411 691 1640 754 timore
1686 691 2080 756 mentionem
2127 690 2437 754 iniecerit.
2486 687 2653 755 Satis
2704 695 2839 755 erat

452 795 692 874 dicere,
757 795 924 881 quod
986 794 1187 873 dixit,
1254 792 1347 859 ὅτι
1409 795 1478 860 τὸ
1526 794 1642 874 μέν
1690 793 1889 874 ἐστιν,
1939 790 2007 859 οὗ
2056 794 2159 860 καὶ
2203 795 2287 860 τὰ
2338 793 2507 873 θηρία
2553 794 2838 874 μετέχει.

453 939 536 950 -
585 902 662 973 ὥς
710 899 874 974 ὄντος
925 900 1140 982 ἑτέρου.
1239 899 1430 967 Verte
1449 951 1468 977 ,
1521 906 1869 985 „tanquam
1916 902 2076 966 ratio
2126 901 2376 966 diversa
2422 906 2585 966 esset
2633 921 2685 982 a=
2710 901 2837 980 se”,

448 1006 512 1071 h.
561 1027 616 1072 c.
667 1009 745 1073 ab
793 1008 1220 1090 intelliqentia.
1313 1006 1484 1073 Male
1530 1008 1752 1072 Aetius
1775 1057 1793 1085 ,
1848 1009 1964 1085 »ὥς
2014 1006 2233 1072 τούτου
2281 1009 2417 1094 (τῆς
2464 1009 2837 1094 φρονήσεως)

449 1111 613 1187 ὄντος
661 1111 861 1193 ἑτέρου
907 1134 946 1179 a
973 1113 1429 1198 fortitudine.’'

538 1217 690 1285 964.
741 1219 823 1284 A.
895 1220 1128 1284 διανοοῦ
1198 1220 1259 1284 δὲ
1329 1221 1408 1292 ὤς
1479 1219 1616 1300 ἐρῶν
1679 1221 1784 1284 καὶ
1850 1215 1968 1300 ὅπῃ
2025 1221 2301 1300 τέτταρα
2346 1220 2493 1284 ὄντα
2541 1216 2603 1283 ἕν
2668 1221 2835 1298 ἐστι,

446 1325 550 1391 καὶ
617 1326 724 1403 ἐμὲ
784 1326 849 1391 δὲ
911 1324 1084 1400 α’ξίου
1150 1331 1286 1390 σοῦ
1351 1324 1786 1402 δείξαντος
1854 1329 1931 1397 ὥς
1983 1322 2079 1399 ἕν,
2130 1324 2325 1390 πάλιν
2370 1319 2488 1406 ὅπη
2534 1325 2835 1406 τέτταρα.

445 1429 596 1496 Non
640 1431 1227 1497 animadverterunt
1274 1433 1650 1512 interpretes
1697 1433 1791 1496 ita
1837 1437 2135 1516 utrasque
2183 1435 2391 1516 partes
2438 1428 2685 1498 Cliniae
2732 1432 2837 1498 de·

447 1536 754 1601 mandari.
851 1535 1061 1623 Lege,
1137 1535 1260 1600 σοὶ
1331 1533 1610 1612 δεῖξαι
1681 1535 1768 1600 τὸ
1841 1528 1901 1600 ἓν
1965 1535 2157 1601 πάλιν
2222 1531 2338 1617 ὅπῃ
2398 1536 2701 1617 τέτταρα.
2750 1575 2835 1586 --

449 1640 484 1716 ἢ
546 1641 680 1707 τόν
742 1665 836 1718 γε
895 1641 1088 1708 ὄντα
1153 1665 1240 1706 ’τε
1305 1641 1441 1707 καὶ
1506 1643 1640 1721 περὶ
1694 1649 1809 1707 τῶν
1856 1641 2263 1722 διαφερόντων
2310 1643 2562 1720 μεγέθει
2611 1667 2679 1706 τε
2728 1645 2835 1708 καὶ

449 1745 672 1812 κάλλει
732 1746 946 1812 πάντα
993 1747 1080 1813 τὰ
1127 1753 1390 1813 τοιαῦτα
1441 1751 1686 1826 ἀγνοεῖν
1736 1749 2015 1831 αἰσχρόν.
2061 1749 2161 1814 Ex
2207 1751 2617 1834 sequentibus
2662 1755 2839 1836 patet

446 1852 608 1918 hanc
654 1873 788 1918 esse
837 1853 1287 1939 disputationis
1333 1875 1683 1921 summam.
1736 1855 1904 1932 „Res
1953 1856 2271 1920 maximas
2314 1857 2607 1942 ignorare
2654 1861 2838 1941 turpe

446 1966 559 2026 est.
610 1959 916 2026 Civitatis
962 1961 1314 2026 rectoribus
1362 1965 1568 2026 virtus
1616 1983 1717 2027 res
1762 1963 2047 2026 maxima
2093 1967 2206 2026 est.
2300 1962 2472 2048 Ergo
2490 2011 2507 2045 ,
2557 1964 2839 2028 civitatis

444 2071 732 2132 rectores·
794 2068 1054 2132 virtutis
1139 2072 1436 2132 naturam
1524 2069 1781 2152 penitus
1851 2070 2177 2154 cognitam
2248 2067 2479 2134 habere
2552 2053 2844 2135 debent.'’

442 2173 757 2248 Quocirca
823 2170 1110 2238 Oornarii
1173 2175 1604 2238 coniecturam
1652 2173 1757 2236 τὸν
1804 2174 2037 2252 γνόντα
2082 2197 2140 2238 τι
2191 2176 2517 2239 immerito
2570 2174 2649 2240 ab
2696 2175 2831 2240 edi-

439 2280 688 2344 toribus
735 2286 1010 2364 spretam
1062 2301 1196 2344 esse
1241 2280 1564 2344 existimo.
1613 2280 1639 2342 ὃ
1691 2281 1871 2358 γνούς
1920 2303 1980 2344 τι
2027 2281 2201 2346 idem
2250 2286 2345 2346 est
2395 2287 2585 2365 atque
2625 2281 2652 2344 ὃ
2695 2281 2833 2347 τοῦ-

441 2408 600 2462 νομα
649 2385 854 2461 εἰδώς,
909 2384 1122 2449 πάντα
1172 2387 1258 2450 τοὶ
1306 2390 1566 2450 τοιαῦτα
1618 2397 1768 2451 sunt
1814 2407 1889 2451 ea
1926 2406 2087 2470 quae
2126 2384 2228 2449 τὸν
2269 2386 2456 2463 λόγον
2482 2389 2824 2466 continent,

441 2495 624 2556 cuius
685 2490 982 2576 exempla
1041 2513 1230 2576 supra
1278 2491 1519 2556 attulit.
1615 2491 1798 2556 Unus
1844 2491 2182 2576 scrupulus
2228 2497 2423 2556 restat
2470 2495 2537 2556 in
2583 2516 2652 2556 τε
2701 2493 2829 2558 καὶ.

441 2600 770 2665 Sententia
830 2598 990 2664 duce
1035 2600 1319 2685 corrigo,
1370 2598 1470 2661 τὸν
1520 2595 1751 2676 γνόντα
1800 2600 1869 2675 γ’
1920 2600 2218 2674 ἐκεῖνο,
2264 2619 2347 2667 sc.
2400 2598 2687 2675 τοῦνομα.
2743 2638 2824 2649 -

440 2705 514 2770 Β.
566 2710 631 2771 et
678 2702 750 2771 O.
797 2704 1026 2769 τούτων
1073 2702 1142 2776 δὴ
1194 2704 1326 2781 πέρι
1374 2729 1433 2768 κ.
1483 2728 1540 2767 τ.
1594 2704 1640 2767 ὲ.
1725 2703 1989 2791 Ingenio
2035 2702 2206 2771 male
2252 2703 2439 2768 abusi
2484 2712 2666 2781 sunt,
2720 2708 2830 2790 qui

438 2813 594 2877 dum
642 2812 976 2897 vulgatam
1018 2810 1358 2875 lectionem
1401 2811 1564 2875 tueri
1608 2809 1870 2887 volunt,
1911 2810 1991 2874 ad
2030 2812 2615 2894 interpretationem
2640 2810 2827 2895 plane

438 2918 664 2984 falsam
713 2918 1054 3003 confugere
1099 2915 1486 2981 maluerunt.
1582 2914 1829 2981 Omitto
1875 2918 2399 3000 compositionem
2450 2915 2550 2981 vel
2604 2915 2827 2983 infimo

438 3024 744 3108 scriptore
796 3024 1164 3109 indignam:
1218 3021 1382 3086 nihil
1434 3022 1574 3087 dico
1623 3022 1700 3087 de
1749 3023 2137 3107 participiis,
2186 3021 2572 3087 διδάσκοντα
2616 3030 2676 3089 et
2727 3024 2827 3100 δη·

437 3134 678 3195 λοῦνται
729 3149 876 3193 cum
925 3127 1282 3212 pluralibus
1323 3130 1464 3200 τοὺς
1505 3127 1821 3207 ἐξηγητάς
1846 3178 1861 3205 ,
1904 3127 2045 3199 τοὺς
2086 3129 2445 3208 νομοθέτας,
2472 3132 2827 3197 coniunctis

437 3236 619 3321 Ipsa,
692 3256 884 3319 quam
942 3240 1122 3299 tanto
1185 3255 1338 3299 cum
1382 3233 1598 3300 labore
1647 3234 2061 3301 edolaverunt
2080 3284 2097 3319 ‚
2144 3238 2457 3301 sententia
2508 3237 2821 3303 eiusmodi

436 3347 567 3418 est,
632 3361 792 3426 quae
854 3361 970 3405 sua
1017 3361 1082 3405 se
1130 3340 1410 3406 falsitate
1456 3340 1819 3407 confundat.
1919 3340 2362 3425 „Quicumque
2408 3344 2581 3407 cives
2628 3364 2827 3427 poena

435 3448 679 3514 afficere
745 3447 966 3521 debet,
1015 3449 1072 3511 is
1117 3448 1539 3533 magistratus
1579 3467 1867 3513 summos
1918 3446 2138 3525 adeat,
2198 3452 2273 3512 ut
2318 3448 2397 3513 ab
2444 3447 2576 3513 illis
2623 3451 2827 3513 virtu-

430 3556 515 3619 tis
560 3560 856 3622 naturam
907 3552 1212 3618 ediscat.”
1307 3552 1402 3617 At
1446 3552 1592 3625 hic,
1643 3555 1698 3617 si
1746 3554 1891 3637 quis
1939 3552 2138 3630 alius,
2188 3551 2367 3618 locus
2416 3560 2551 3618 erat
2596 3556 2663 3618 in
2700 3575 2822 3637 quo

429 3659 545 3725 hos
614 3661 786 3745 ipsos
855 3659 1095 3724 hortari
1167 3657 1436 3723 debebat
1502 3663 1753 3735 auctor,
1819 3664 1894 3721 ut
1953 3656 2053 3722 illi
2102 3658 2314 3722 studio
2360 3659 2823 3725 incumberent.

429 3763 596 3844 Quin
667 3766 864 3830 etiam
937 3764 966 3827 ὅ
1037 3762 1317 3840 δεόμενός
1390 3786 1526 3826 τινα
1588 3760 1954 3841 κολάζεσθαι
2001 3764 2143 3847 quis
2192 3762 2357 3829 alius
2406 3785 2540 3830 esse
2585 3770 2826 3849 potest,

428 3891 622 3956 quam
693 3891 858 3936 unus
925 3876 1042 3935 τῶν
1101 3866 1470 3946 νομοθετῶνῗ
1541 3868 1713 3955 Ergo
1778 3873 1983 3934 semet
2047 3871 2217 3953 ipsos
2276 3870 2451 3935 adire
2497 3872 2818 3935 iubentur.

426 3976 740 4064 Corrupta
803 3998 971 4056 esse,
1038 3998 1198 4062 quae
1260 3976 1410 4042 libri
1473 3978 1674 4041 nostri
1721 3975 2124 4060 praeferunt,
2174 3996 2399 4053 nemo,
2454 3977 2553 4041 his
2602 3976 2819 4055 lectis,

424 4084 719 4171 negabit,
793 4083 898 4148 sed
975 4088 1189 4147 tamen
1258 4101 1382 4147 non
1453 4081 1610 4147 adeo
1679 4080 1983 4147 mendosa
2044 4087 2223 4159 sunt,
2297 4084 2448 4167 quin
2512 4082 2823 4149 facillime

423 4190 629 4255 sanari
673 4190 940 4275 possint.
1017 4188 1226 4274 Lege,
1278 4189 1505 4253 τούτων
1558 4186 1626 4263 δὴ
1679 4188 1781 4271 (δε
1801 4189 1857 4273 ἴ)
1906 4186 2037 4269 πέρι
2087 4188 2225 4258 τοὺς
2278 4188 2588 4266 ἐξηγητάς
2614 4236 2630 4267 ,
2680 4192 2818 4261 τοὺς

425 4293 871 4372 διδασκάλους,
935 4293 1076 4364 τοὺς
1141 4294 1504 4371 νομοθέτας,
1553 4296 1671 4359 τῶν
1716 4292 1929 4359 ἄλλων
1979 4294 2120 4365 τοὺς
2168 4294 2471 4371 Φύλακας
2530 4296 2639 4383 [τῷ
2693 4294 2818 4362 δεο-

423 4398 611 4485 μένῳ]
660 4402 892 4481 γνῶναί
936 4425 1005 4466 τε
1060 4400 1164 4465 καὶ
1215 4400 1454 4467 εἰδέναι.
1496 4398 1582 4465 ’Ἢ
1631 4403 1716 4483 τῷ
1766 4399 2025 4481 δεομένῳ
2075 4400 2544 4467 κολάσασθαί
2590 4406 2745 4466 τιν’
