3414 5158
1355 389 1696 438 Annuus.
2602 374 2724 438 111

417 553 556 618 Sed
617 555 903 640 quisquis
948 556 1102 620 haec
1152 557 1401 640 scripsit
1448 557 1884 622 diversissima
1930 558 2193 621 miscuit
2240 560 2305 621 et
2352 577 2512 640 quae
2561 557 2730 642 apud

285 655 744 725 Herodotum
817 658 1066 748 legerat
1137 659 1245 726 VI.
1314 660 1422 726 21.
1491 662 1655 726 οὐδὲν
1720 662 1865 741 πρὸς
1923 661 2063 734 ἔπος
2115 662 2241 728 huc
2289 661 2620 729 transtulit
2666 668 2731 727 et

289 768 598 848 po'e'tam
645 774 801 831 metu
843 769 1178 851 perculswm
1226 790 1296 831 ae
1342 768 1736 852 trepidantem
1784 767 1863 834 de
1909 790 2025 834 suo
2074 766 2281 834 finxit.
2614 764 2619 768 ⁷

423 980 615 1046 XIII.
670 980 788 1048 20:
845 981 1138 1063 Κερκιδᾶς
1187 983 1577 1057 ἀποθνήσκων
1629 985 1817 1062 ἔλεγε
1864 983 2007 1064 πρὸς
2058 983 2198 1055 τοὺς
2246 985 2491 1056 οἰκείους
2547 981 2727 1047 ’Λθυ-

297 1087 667 1166 μουμένους
717 1087 899 1164 ἡδέως
949 1089 1330 1155 ἀπολύεσθαι
1382 1095 1488 1154 τοῦ
1537 1089 1663 1171 ζῆν.

425 1193 594 1273 Quid
655 1195 940 1260 ridemus
986 1195 1286 1262 Datidem
1336 1197 1644 1277 χαίρομαι
1699 1198 2017 1262 dicentem
2066 1217 2266 1281 quum
2316 1196 2485 1262 docti
2533 1195 2727 1282 pleri-

307 1321 454 1384 que
506 1303 576 1365 in
623 1322 860 1366 errores
905 1323 1031 1368 non
1080 1305 1297 1368 minus
1344 1303 1670 1388 pudendos
1718 1301 2175 1388 implicantur?
2249 1305 2553 1383 Χαίρομαι
2602 1324 2727 1368 non

315 1411 430 1471 est
477 1409 690 1496 magis
737 1411 1049 1476 vitiosum
1097 1429 1291 1493 quam
1346 1409 1725 1486 άθυμοῢμαι.

425 1513 499 1577 In
577 1513 763 1580 libris
847 1522 945 1580 est
1011 1516 1562 1599 ’6Νθυμούμενος,
1633 1518 1702 1581 in
1784 1537 1909 1601 quo
1991 1515 2144 1600 quid
2219 1514 2419 1580 lateat
2495 1514 2731 1578 frustra

328 1639 588 1703 quaer0.

429 1832 616 1897 XIII.
670 1832 794 1897 23:
843 1837 1194 1913 Λυκοῦργος
1246 1873 1329 1883 -
1379 1835 1442 1898 οὐ
1493 1833 1722 1906 καλοὺς
1772 1834 1911 1905 τοὺς
1960 1833 2207 1912 μισθοὺς
2258 1836 2543 1914 ἠρύσατο.

425 1938 613 2004 Nihil
673 1945 768 2004 est
831 1940 1122 2018 οὶρύεσθαι
1180 1940 1412 2023 μισθόν,
1463 1941 1776 2005 mercedem
1824 1941 2087 2005 haurire.
2185 1939 2484 2027 Suspicor
2530 1941 2725 2006 fuisse

335 2043 670 2120 ἦΝύσατο,
723 2050 797 2108 ut
840 2047 910 2110 in
953 2045 1184 2110 Pluto:

733 2149 850 2215 κᾶν
897 2153 1082 2215 ταῦτ’
1128 2151 1433 2227 άνύσηται
1474 2151 1944 2233 τετταράκοντα
1992 2153 2315 2230 βούλεται.

425 2253 654 2321 Graeci
721 2262 964 2322 veteres
1033 2263 1391 2323 constanter
1458 2259 1752 2324 dicebant
1821 2260 1923 2323 τὸν
1994 2259 2205 2336 μισθὸν
2273 2259 2500 2338 λαβεῖν
2521 2307 2537 2338 ,
2614 2259 2723 2324 sed

333 2361 645 2428 Aelianus
691 2363 776 2427 τοὶ
825 2361 1358 2442 κατημαξευμένα
1407 2367 1608 2442 vitat,
1665 2370 1730 2430 et
1778 2367 2040 2440 άσυνηθη
2091 2371 2381 2431 venatur.

428 2573 639 2641 Multa
697 2582 845 2641 sunt
893 2575 1061 2661 apud
1106 2574 1451 2641 Aelianum
1505 2582 1865 2662 portentose
1913 2581 2207 2662 corrupta
2254 2579 2390 2642 sine
2436 2575 2571 2642 ulla
2617 2599 2727 2663 spe

338 2682 821 2748 emendationis.
917 2681 1117 2762 Quale
1181 2688 1277 2748 est
1341 2684 1508 2767 quod
1568 2682 1811 2770 legitur
1875 2682 2065 2747 XIII.
2130 2682 2240 2747 25.
2335 2684 2645 2746 Pindarus
2689 2707 2727 2745 a

344 2789 604 2853 Corinna
663 2789 854 2853 victus
915 2794 1025 2854 σῦν
1081 2787 1292 2853 ἐκάλει
1369 2789 1548 2874 (libri
1609 2787 1964 2875 συνεκάλει)
2011 2790 2120 2863 την
2168 2790 2474 2869 Κόρινναν.
2569 2788 2727 2868 Quis

336 2894 490 2959 haec
535 2916 686 2960 sana
734 2915 866 2961 esse
913 2891 1170 2960 credet?
1218 2893 1348 2961 Cur
1393 2894 1712 2960 Pindarus
1758 2895 2080 2961 aemulam
2130 2919 2287 2960 suem
2334 2896 2674 2979 appellabat
2691 2894 2727 2957 ?

338 2999 622 3081 ἐλέγχων
686 3000 796 3073 τὴν
859 3002 1168 3077 ἀμουσίαν
1226 3008 1344 3066 τῶν
1391 3002 1725 3081 ἀκροατῶν,
1750 3045 1753 3049 -
1779 3004 2008 3087 inquit.
2103 3002 2319 3089 Igitur
2362 3000 2510 3067 illos
2555 3003 2725 3087 ipsos

340 3105 661 3191 increpare
707 3106 1012 3184 debebat,
1061 3127 1186 3172 non
1237 3104 1548 3173 Corinnae
1599 3106 1993 3173 maledicere.

427 3319 911 3386 Eiusdemmodi
958 3321 1198 3386 vitium
1246 3320 1542 3386 obscurat
1587 3319 1803 3386 locum
1844 3319 2021 3386 XIII.
2072 3321 2192 3387 26:
2244 3322 2459 3401 ἠθύμει
2508 3323 2535 3387 ὃ
2587 3332 2723 3387 Διο-

341 3426 518 3505 γένης
585 3428 690 3491 καὶ
760 3428 1013 3492 Φύλλων
1077 3424 1238 3506 ἄκρα
1303 3426 1518 3501 ἤσθιεν.
1611 3426 1791 3493 Bona
1855 3427 1978 3494 fide
2024 3435 2319 3496 vertunt:
2371 3438 2427 3494 et
2472 3452 2723 3494 summas

338 3535 620 3619 foliorum
677 3534 1073 3599 extremitates
1127 3535 1540 3599 manducabat.
1640 3534 1891 3601 Vellem
1937 3536 2311 3601 huiusmodi
2357 3538 2723 3622 interpreti-

340 3641 458 3706 bus
511 3639 668 3707 tales
716 3640 906 3727 dapes
953 3644 1200 3727 apponi.
1297 3640 1423 3707 Sed
1469 3643 1614 3727 quis
1658 3642 1815 3707 haec
1860 3639 2267 3707 emendabit?

430 3838 606 3905 XIII.
659 3838 780 3906 27:
832 3839 1064 3905 ἐνόσουν
1110 3840 1414 3915 Ἀθηναῖοι
1465 3836 1774 3913 πανδημεὶ
1820 3835 1923 3902 καὶ
1972 3838 2026 3901 οἱ
2066 3837 2178 3914 μὲν
2227 3838 2620 3916 ἀπέθνησκον,
2669 3842 2722 3905 οἱ

340 3947 400 4012 δὲ
471 3945 871 4019 ἐπιθανατίως
938 3942 1128 4027 εἶχον.
1236 3945 1568 4024 Σωκράτης
1633 3943 1693 4007 δὲ
1757 3952 2071 4009 MONOC
2134 3946 2239 4009 οὐκ
2305 3944 2550 4020 ἐνόσησε
2614 3948 2723 4022 τὴν

342 4054 556 4133 ἀρχήν·

425 4157 672 4244 Ecquid
752 4160 867 4224 hos
937 4158 1226 4223 homines
1298 4158 1578 4243 cogitare
1647 4154 1989 4243 put-emus?
2058 4156 2282 4222 Nihilo
2355 4157 2565 4224 sanior
2624 4164 2723 4225 est

339 4262 652 4352 Diogenes
713 4264 1041 4341 Laertius,
1106 4265 1217 4348 qui
1277 4263 1498 4328 scribit
1559 4262 1642 4329 11.
1697 4262 1819 4329 25:
1882 4265 2146 4329 Socrates
2191 4263 2493 4338 πολλάκις
2546 4266 2722 4340 ’Λθή-

343 4394 468 4445 νησι
516 4377 738 4449 λοιμῶν
789 4369 1124 4449 γενομένων
1173 4376 1484 4435 MONOC
1533 4370 1639 4435 οὐκ
1687 4368 1984 4445 ἐνόσησεν.

427 4475 630 4541 Addit
682 4476 1026 4542 Aelianus:
1076 4475 1103 4539 ὃ
1152 4476 1346 4542 τοίνυν
1393 4476 1639 4557 τοιούτῳ
1686 4474 1878 4539 συνὼν
1923 4476 2165 4553 σώματι
2214 4476 2352 4541 τίνα
2403 4476 2723 4557 ἡγούμεθα
