3414 5158
1469 331 1697 380 mro.
2688 309 2778 376 55

389 499 778 577 τυπτόμενός
841 501 928 568 ἔςι
989 498 1248 586 perinde
1291 475 1422 564 {liei
1467 518 1650 584 posse
1698 497 1993 580 credunt,
2042 497 2160 562 hoe
2207 493 2578 580 exemplum
2623 493 2779 560 laeti

397 608 722 692 arripient.
815 605 938 671 Sed
983 626 1107 671 non
1155 627 1232 670 ex
1278 604 1396 671 hae
1441 611 1620 690 parte
1665 601 1800 671 sola
1848 600 2175 670 Graecitas
2219 601 2483 697 laborat.
2580 601 2780 667 Recte

400 712 661 798 quidem
718 712 954 778 dicitur
997 714 1093 784 τίς
1139 713 1168 777 ὃ
1215 711 1430 793 τρόπος
1479 720 1590 788 τῆς
1643 713 2041 789 εἶσαγωγῆς;
2088 713 2259 780 reete
2302 708 2476 774 idem
2524 713 2651 780 πῶς
2703 706 2781 772 ἂν

337 825 340 828 ’
402 815 699 899 ὀρθότατα
768 821 801 895 ἧ
860 817 992 892 δίκη
1057 817 1369 897 εἰσάγοιτο
1389 868 1406 902 ,
1455 818 1564 885 sed
1607 817 1751 883 luce
1798 817 2031 883 elarius
2076 821 2173 882 eet
2217 816 2285 879 in
2334 815 2542 900 priore
2588 835 2781 880 enun-

400 927 664 990 tiatione
708 923 962 989 nullum
1016 923 1231 992 locum
1279 924 1576 992 adverbio
1624 945 1775 991 esse.
1826 922 2065 990 Nullus
2110 921 2335 987 dubito
2380 923 2534 1007 quin
2580 922 2781 1005 serip-

401 1032 554 1096 serit
616 1035 858 1096 noster:
906 1032 1000 1104 τίς
1048 1032 1077 1096 ὅ
1122 1030 1340 1111 τρόπος
1393 1077 1410 1098 .
1444 1079 1459 1094 .
1488 1077 1547 1096 ..
1597 1037 1709 1105 τῆς
1758 1031 2115 1108 εἰσαγωγῆς
2163 1028 2464 1110 ὀρθότατα
2519 1029 2661 1108 πρὸς
2710 1026 2779 1093 τὸ

400 1138 547 1202 θεῖον
611 1138 1064 1215 γιγνομένης.
1129 1136 1205 1204 ἂν
1263 1137 1351 1214 εἴη
1415 1139 1639 1217 omisi,
1702 1139 1853 1223 quia
1913 1141 1979 1202 et
2038 1134 2437 1203 commodius
2498 1140 2595 1200 est
2639 1139 2781 1220 post

397 1243 555 1316 τίνες
629 1244 681 1309 δ’
749 1244 900 1308 εἰσὶν
961 1245 1365 1333 subintelligi
1427 1245 1520 1314 ἕςί
1545 1293 1562 1322 ,
1623 1264 1826 1329 neque
1878 1242 2015 1308 ulla
2074 1243 2251 1309 sedes
2306 1242 2658 1328 particulae
2705 1241 2783 1308 ἂν

397 1351 693 1416 convenit
736 1350 862 1415 nisi
908 1350 976 1415 in
1021 1352 1158 1436 ipso
1206 1353 1511 1417 orationis
1555 1352 1743 1415 initio
1765 1399 1782 1433 ,
1831 1348 1925 1422 τίς
1977 1349 2031 1413 δ’
2078 1347 2155 1413 ἂν
2206 1347 2234 1411 ὃ
2282 1348 2515 1428 τρόπος.
2607 1347 2781 1414 Hine

399 1456 669 1523 efficitur
724 1457 803 1522 ἂν
857 1457 948 1534 εἴη
1012 1457 1218 1524 aliena
1276 1479 1476 1524 manu
1518 1456 1779 1523 illatum
1828 1476 1982 1521 esee.
2075 1455 2137 1520 N
2142 1476 2263 1520 une
2306 1457 2542 1540 raptim
2560 1502 2575 1532 ,
2628 1476 2780 1522 nam

400 1583 510 1649 per
561 1563 901 1630 intervalla
948 1566 1354 1651 negotiorum
1401 1565 1555 1629 haee
1599 1563 1807 1628 scribo
1822 1613 1839 1646 ,
1893 1561 2306 1627 undecimum
2350 1560 2589 1626 librum
2638 1583 2782 1648 per-

402 1689 674 1735 curram.

494 1773 646 1840 913.
695 1774 898 1863 Lege:
951 1777 1021 1840 τὸ
1068 1775 1132 1840 δὲ
1176 1775 1346 1854 μετὰ
1393 1771 1581 1839 ταῦτ’
1633 1773 1714 1838 ἐκ
1760 1772 2204 1852 συμβολαίων
2252 1771 2345 1840 ἂν
2393 1773 2540 1856 πρὸς
2588 1777 2785 1852 ἀλλή-

402 1896 542 1955 λους
593 1884 738 1960 ἡμῖν
787 1879 877 1967 (ᾖ)
923 1883 976 1948 δ.
1028 1906 1098 1949 π.
1145 1907 1206 1948 τ.
1257 1882 1496 1948 οἱπλοῦν
1543 1880 1633 1948 ἐςὶ
1682 1879 1757 1946 τό
1802 1905 1883 1959 γε
1929 1885 2213 1948 τοιοῦτον.
2276 1879 2469 1958 Mox,
2521 1881 2632 1959 ἐμὲ
2677 1883 2783 1960 μη

404 1987 734 2064 πείθων,
808 1989 1071 2067 μηδαμῆ
1135 1988 1457 2066 μηδαμῶς.
1523 2023 1610 2036 —
1674 1987 1965 2068 θησαυρὸν
2021 1985 2078 2052 δ’
2146 1987 2297 2066 ἐγὼ
2359 1987 2504 2066 μὲν
2553 1994 2785 2069 πρῶτον

399 2092 532 2158 τὸν
589 2097 883 2159 τοιοῦτον
931 2095 1044 2181 (so.
1091 2095 1418 2180 εὐξαίμην)
1467 2131 1550 2143 -
1601 2094 1686 2167 εἶς
1732 2094 2077 2174 χρημάτων
2126 2095 2501 2174 ὠφεληθείην
2551 2092 2627 2160 ἂν
2676 2093 2787 2175 ὅγ-

401 2224 500 2266 κον
562 2201 829 2276 ἀνελών,
899 2197 1034 2266 ὅσον
1093 2200 1238 2282 πρὸς
1302 2200 1522 2282 ἀρετήν
1579 2237 1662 2249 -
1713 2237 1801 2250 -
1850 2200 1912 2266 d.
1961 2199 2257 2269 καλλιςον
2304 2199 2498 2280 νόμων
2546 2207 2613 2268 et
2652 2205 2777 2268 καί.

404 2344 484 2354 -
534 2305 769 2372 τούτοιν
817 2306 994 2392 (τοῖν)
1047 2307 1204 2372 δυοῖν
1251 2345 1356 2371 -.

491 2409 646 2478 914.
699 2411 894 2491 τούτῳ
942 2411 996 2476 δ’
1049 2411 1340 2491 ἑπόμενον
1385 2436 1446 2478 κ.
1471 2435 1530 2476 τ.
1557 2411 1603 2475 ἑ.
1655 2409 1855 2477 Nulla
1902 2415 1998 2478 est
2043 2413 2467 2480 redundantia.
2519 2413 2782 2494 „Proxi-

398 2538 582 2583 mum
645 2525 741 2583 est
787 2523 862 2583 ut
907 2516 1247 2584 doceamus
1290 2518 1411 2583 hoc
1453 2518 1829 2583 institutum
1875 2523 1941 2583 et
1986 2537 2213 2601 parvae
2260 2522 2325 2585 et
2368 2539 2636 2608 magnes
2682 2541 2781 2588 res

398 2626 691 2691 comitari
739 2622 1085 2710 oportere.”
1130 2625 1192 2688 h.
1246 2645 1300 2689 6.
1347 2625 1417 2687 in
1462 2624 1677 2707 parvis
1722 2622 1892 2687 haud
1933 2624 2148 2689 minue
2186 2644 2381 2709 quam
2418 2627 2489 2691 in
2526 2630 2781 2714 magnis

397 2730 777 2797 servandum
817 2751 954 2795 esse
1001 2768 1086 2779 —
1133 2751 1245 2815 pro
1295 2728 1606 2797 καθιςατω
1654 2727 1799 2815 1636
1846 2728 2191 2796 καθεςοὶτω.

491 2836 644 2906 917.
694 2837 767 2903 L.
827 2840 955 2909 ποῖς
1017 2838 1143 2915 γαρ
1206 2836 1233 2901 ὃ
1281 2841 1397 2900 τῶν
1446 2836 1590 2901 κατ’
1638 2834 1877 2914 ἀγορὰν
1925 2833 2305 2913 κιβδηλεύων
2352 2859 2455 2913 τι,
2506 2840 2573 2903 et
2618 2858 2780 2924 pone

398 2963 653 3011 comma
717 2948 862 3029 post
923 2942 1251 3021 ἐπόμνυσιν
1275 2988 1291 3018 ,
1354 2962 1502 3007 nam
1568 2941 1628 3004 ἐν
1691 2948 1816 3013 τοῖς
1868 2988 1881 3005 .
1914 2987 1930 3005 .
1957 2987 1973 3004 .
2003 2990 2018 3005 .
2068 2941 2509 3023 Φυλακτηρίοις
2560 2944 2641 3009 ad
2686 2965 2782 3010 se·

385 3052 656 3136 ,quentia
709 3051 1006 3135 pertinet.
1103 3048 1261 3115 Mox
1305 3067 1419 3133 pro
1465 3046 1674 3130 ῥᾳδίως
1725 3042 2037 3127 ἔχοντα
2081 3046 2127 3113 1.
2176 3052 2230 3131 ῥ.
2277 3047 2632 3130 δέχο,ιντ’
2680 3049 2777 3117 ἄν.

397 3175 483 3221 sc.
533 3156 586 3220 οἱ
635 3162 898 3223 πλεῖςοι.
951 3192 1033 3204 -
1083 3154 1272 3226 κακὸς
1322 3151 1847 3233 ἀναγορευέσθω.

490 3260 645 3327 918.
693 3259 827 3343 [καὶ
875 3261 964 3345 τί]
1015 3260 1084 3325 τὸ
1134 3256 1554 3337 διαβεβληκός
1605 3296 1717 3325 -.

489 3367 640 3433 919.
690 3366 1178 3447 κεχειρωμένος.
1231 3402 1318 3414 —-·
1365 3366 1424 3431 d.
1473 3364 1983 3445 ἁμαρτανόμενα.

489 3472 641 3540 920.
692 3470 1113 3551 διπλασιάζων
1163 3470 1250 3559 (ἢ)
1299 3470 1402 3536 τὸν
1448 3469 1782 3553 ἔμπροσθεν
1829 3469 2062 3551 χρόνον.

490 3578 644 3645 921.
692 3600 804 3665 pro
847 3581 924 3652 ὥς
969 3577 1203 3651 τούτοις
1248 3574 1328 3643 αὖ
1375 3578 1522 3665 1636
1567 3574 1626 3650 ὃς
1676 3576 1755 3643 ἂν
1801 3577 2034 3649 τούτοις
2081 3599 2165 3644 so.
2218 3582 2304 3657 μὴ
2352 3580 2637 3664 ἀποδιδῷ.

491 3685 645 3752 924.
690 3706 806 3774 pro
854 3686 1025 3752 κατὰ
1072 3689 1283 3752 ταῦτα
1329 3684 1474 3772 1636
1519 3685 1663 3749 κατ’
1712 3681 1901 3749 αὐτοὶ.

492 3791 644 3858 925.
691 3814 804 3879 pro
863 3792 944 3857 ἐν)
1009 3793 1172 3871 γένει
1220 3791 1367 3878 1636
1411 3791 1472 3854 ἐν
1519 3788 1709 3870 μέρει.
1767 3824 1854 3837 -
1901 3788 1974 3852 L.
2027 3785 2115 3855 ἔςι
2164 3789 2229 3854 δὲ
2273 3791 2488 3855 πολλοὶ
2536 3800 2778 3859 πολλῶν

402 3901 629 3975 πλείω,
695 3899 796 3965 καὶ
859 3900 1086 3979 ἀπορία
1146 3898 1371 3976 γένοιτ’
1435 3893 1512 3961 ἄν
1571 3930 1649 3945 --
1693 3896 1913 3970 θήλεια
1959 3893 2020 3959 δὲ
2068 3894 2172 3958 καὶ
2219 3892 2421 3977 ἄρρην.
2476 3934 2557 3947 -
2608 3898 2779 3988 Lege

401 4005 680 4082 θήλειαι
731 4005 792 4070 δὲ
843 4004 972 4091 [καὶ
1021 4002 1232 4089 ἄρρην]
1282 4002 1428 4070 vide
1473 4022 1644 4087 seqq.

491 4111 648 4178 926.
722 4110 1147 4198 Interpunge,
1202 4110 1233 4185 ἥ
1281 4132 1376 4181 τις
1426 4108 1746 4189 ἐπίτροπος
1788 4112 1920 4192 φῇ,
1972 4108 2083 4195 (se.
2130 4107 2475 4174 τούναντίον
2515 4118 2643 4185 τοῖς
2690 4113 2779 4189 μη

399 4218 792 4298 βουλομένοις
860 4218 1146 4303 γαμεῖν.)
1216 4214 1416 4297 Φαναι
1489 4220 1586 4282 est
1652 4214 1795 4282 τότε
1861 4216 1986 4298 χρὴ
2060 4217 2227 4294 ἡμᾶς
2292 4213 2514 4298 φάναι.
2607 4217 2781 4286 Mira

405 4330 804 4392 commentus
848 4327 943 4389 est
988 4323 1230 4388 Aetius,

497 4428 649 4497 927.
719 4429 979 4518 Optime
1037 4428 1406 4495 Desiderius
1466 4427 1785 4495 Heraldus
1803 4478 1823 4515 ‚
1885 4428 1995 4495 sed
2054 4431 2377 4515 praeterea
2433 4428 2779 4520 legendum
