3414 5158
1399 406 1644 455 01011110.
2631 372 2715 455 6⁶7

319 568 507 637 bonis
568 571 928 637 sociorum”
994 591 1033 636 a
1095 568 1368 637 Gabinio
1419 578 1703 653 praetore
1752 568 1991 636 alicubi
2037 572 2121 636 sit
2168 575 2468 658 congesta
2513 570 2723 657 (cuius

323 682 657 764 praeturae
719 676 871 743 alibi
925 697 1241 762 nusquam
1290 679 1602 743 memoria
1647 682 1897 743 exstare
1944 676 2226 761 videtur)
2242 696 2260 755 3
2308 696 2463 742 nam
2507 675 2723 764 legato

327 784 446 850 sub
505 780 809 868 Pompeio
867 782 1180 850 militanti
1241 781 1407 847 nihil
1471 785 1567 848 rei
1611 787 1749 849 erat
1794 803 1945 848 cum
1980 782 2345 867 publicanis.
2408 778 2591 849 Conf.
2644 781 2723 847 de

325 888 532 955 Domo
599 886 764 955 124:
850 910 1005 967 „cur
1066 888 1182 954 ille
1245 908 1484 975 gurges
1546 885 1917 973 (Gabinius)
1977 886 2301 954 helluatus
2364 892 2582 953 tecum
2638 889 2723 953 si-

326 993 469 1059 mul
531 996 625 1059 rei
685 994 980 1079 publicae
1043 994 1421 1081 sanguinem
1440 1041 1454 1070 ‚
1512 992 1590 1059 ad
1637 993 1889 1059 caelum
1936 998 2152 1059 tamen
2199 994 2382 1080 (nim.
2433 996 2724 1079 quamvis

324 1100 695 1185 proscriptis
755 1102 894 1165 eius
949 1100 1159 1185 bonis)
1207 1101 1525 1165 exstruxit
1571 1098 1801 1166 villam
1846 1102 1914 1165 in
1963 1097 2325 1165 Tusculano
2373 1099 2724 1165 visceribus

327 1205 591 1272 aerari.'’
683 1203 850 1273 Cum
913 1203 1061 1271 Sen.
1122 1203 1305 1273 Grat.
1367 1203 1486 1271 18:
1554 1226 1725 1283 „uno
1772 1205 2119 1290 eodemque
2164 1209 2449 1290 tempore
2496 1205 2725 1273 domus

325 1332 473 1379 mea
536 1311 989 1397 diripiebatur,
1056 1312 1350 1397 ardebat3
1401 1314 1565 1377 bona
1614 1311 1693 1377 ad
1742 1313 2031 1378 vicinum
2077 1311 2404 1377 consulem
2456 1312 2566 1391 (ad
2608 1312 2722 1378 Pi·

327 1420 573 1503 sonem)
643 1417 722 1484 de
789 1417 1042 1483 Palatio
1063 1466 1082 1495 ,
1156 1417 1236 1483 de
1298 1415 1658 1482 Tusculano
1724 1416 1803 1481 ad
1866 1419 2026 1482 item
2097 1418 2386 1483 vicinum
2449 1416 2725 1483 alterum

331 1525 658 1591 consulem
720 1522 1216 1590 deferebantur.”
1311 1522 1550 1603 Quodsi
1598 1518 1818 1587 Cicero
1867 1522 2089 1587 scribit
2136 1522 2467 1587 commisse
2514 1522 2728 1588 aedifi·

334 1632 650 1697 sationem
688 1630 756 1695 in
801 1628 1161 1695 Tusculano
1210 1648 1284 1695 eo
1330 1634 1616 1713 tempore
1633 1674 1652 1702 ,
1701 1648 1827 1713 quo
1873 1624 2190 1694 Gabinius
2237 1630 2305 1693 in
2350 1631 2726 1716 Aegyptum

331 1757 409 1802 ex
455 1734 643 1823 Syria
682 1738 1036 1801 exercitum
1075 1734 1263 1800 duxit
1287 1732 1495 1820 (698),
1523 1736 1738 1799 minus
1763 1738 2053 1799 accurate
2076 1732 2380 1818 loquitur.
2410 1770 2493 1783 —-
2522 1732 2731 1799 Verba

335 1845 448 1922 „in
508 1842 667 1909 locis
727 1841 842 1907 ubi
900 1843 1117 1907 omnia
1164 1840 1470 1925 diripuit”
1523 1840 1842 1925 pertinent
1887 1838 1969 1904 ad
2014 1838 2361 1905 Tusculani
2408 1837 2730 1906 Ciceronis

333 1949 754 2034 direptionem
773 1996 788 2026 ,
860 1947 938 2013 cf.
1003 1946 1083 2012 de
1141 1945 1369 2024 Deme,
1438 1943 1545 2010 62.
1597 1944 1940 2029 Emptioneae
1986 1944 2067 2011 ad
2114 1945 2342 2011 villam
2392 1943 2731 2035 magnifice

330 2054 776 2121 exstruendam
825 2052 1329 2140 intelleguntnr3
1379 2050 1849 2129 „mutationes”
1895 2056 2010 2117 aut
2062 2052 2642 2137 „permutationes”
2691 2073 2730 2119 a

331 2162 645 2227 sententia
689 2158 935 2226 alienae
980 2165 1157 2236 sunt,
1208 2179 1357 2224 nam
1397 2163 1865 2241 permutationes
1912 2178 2039 2223 non
2088 2164 2238 2224 sunt
2283 2181 2395 2245 per
2440 2181 2509 2226 se
2553 2182 2729 2226 sum·

332 2270 589 2350 tuosae3
633 2268 692 2330 si
738 2264 1048 2332 voluisset
1092 2262 1463 2331 aedificandi
1510 2262 1775 2330 consilia
1821 2269 2125 2348 perpetuo
2173 2270 2425 2331 mutata
2472 2263 2726 2353 signifi-
2828 2338 2835 2345 ,

333 2392 477 2439 care
539 2371 888 2457 (perpetuas
956 2372 1378 2453 mutationes),
1421 2376 1640 2435 tamen
1686 2370 1768 2434 iis
1812 2368 1932 2434 hoc
1979 2369 2119 2436 loco
2166 2372 2555 2458 interpositis
2602 2375 2724 2438 im-

333 2476 681 2564 pedivisset
718 2482 1142 2554 structuram3
1185 2474 1314 2541 alia
1352 2495 1391 2540 a
1426 2477 1740 2540 sententia
1774 2494 1901 2539 non
1938 2474 2145 2543 aliena
2186 2476 2368 2543 velut
2402 2479 2732 2545 subvectio-

336 2607 444 2649 nes
485 2593 597 2650 aut
635 2583 1097 2648 „obstr-actiones
1133 2602 1259 2647 non
1297 2581 1536 2646 habent
1567 2579 2163 2666 palaeographicam
2188 2585 2728 2668 probabilitatem.

337 2689 512 2755 Illud
559 2689 790 2774 partim
852 2689 1206 2752 mutationes
1267 2685 1518 2753 exstitit
1573 2705 1686 2770 per
1729 2684 2232 2772 dittographiam
2284 2709 2362 2754 ex
2411 2693 2733 2775 superiore

347 2795 804 2880 „emptiones’',
868 2796 1050 2860 cuius
1110 2797 1464 2879 postremas
1526 2789 1811 2878 syllabas
1866 2791 2103 2874 ptionec
2148 2795 2731 2880 interpretabantur

325 2903 633 2987 portiones
696 2922 746 2967 s.
800 2901 1106 2986 par-tiones
1174 2903 1350 2986 (nam
1383 2921 1439 2979 p
1485 2897 1937 2983 compendium
1986 2901 2182 2964 etiam
2228 2921 2343 2986 pro
2374 2925 2500 2987 par
2542 2922 2733 2967 usur-

338 3009 575 3096 patur).
605 3047 690 3058 --
729 3006 1116 3086 „Tusculani
1162 3011 1450 3072 montem
1499 3001 1993 3070 exstruendum”
2041 3026 2207 3071 nunc
2255 3006 2455 3095 vulgo
2472 3053 2490 3086 ,
2538 3027 2736 3094 prava

337 3117 830 3202 compositione3
873 3135 1060 3180 mons
1109 3113 1481 3178 Zicemclanuae
1498 3159 1514 3191 ,
1563 3117 1676 3176 aut
1723 3111 1789 3174 in
1836 3109 2197 3178 Tusculano
2221 3162 2239 3196 ‚
2290 3120 2403 3179 aut
2452 3114 2727 3192 stanti,

337 3243 462 3288 non
522 3242 707 3287 mons
777 3221 1107 3285 Tusculani
1151 3219 1280 3284 dici
1328 3224 1567 3304 potest,
1612 3219 1739 3281 nisi
1795 3237 1996 3282 unum
2044 3215 2479 3285 Tusculanum
2527 3226 2624 3286 est
2670 3225 2736 3286 et

336 3331 407 3394 in
468 3349 596 3394 una
657 3324 772 3392 illa
816 3325 976 3393 villa
1021 3344 1227 3390 mons.
1322 3321 1524 3390 Collis
1571 3319 1971 3411 significatur
2017 3325 2086 3388 in
2132 3345 2286 3413 agro
2334 3323 2731 3404 Tusculano,

337 3435 405 3499 in
464 3453 588 3519 quo
632 3431 872 3498 molem
919 3429 1360 3498 aedificaverat
1406 3427 1721 3496 Gabinius
1766 3429 1878 3514 (ef.
1928 3429 2003 3494 de
2048 3429 2255 3498 Domo
2300 3431 2467 3520 1.1.).
2564 3433 2737 3521 Ergo

340 3523 594 3605 etiamsi
663 3539 1042 3603 auctoritate
1111 3541 1386 3610 careret,
1460 3541 1676 3602 tamen
1747 3554 1815 3600 se
1874 3537 2383 3606 commendaret:
2454 3541 2539 3602 ad
2580 3539 2739 3606 hune

343 3645 678 3711 steculano
720 3650 788 3708 in
839 3645 1014 3730 (hinc
1069 3643 1400 3708 Tusculani
1447 3639 1721 3726 exstitit)
1772 3647 1965 3705 monte
2006 3649 2251 3708 montem
2299 3645 2735 3711 mma-ndum.

341 3751 464 3818 Sed
510 3774 635 3819 non
681 3754 1060 3818 auctoritate
1107 3749 1558 3831 destituimur3
1605 3749 1675 3811 in
1717 3744 2023 3812 Vaticano
2061 3768 2187 3813 non
2224 3754 2478 3814 tantum
2508 3748 2740 3816 lacuna

341 3864 598 3924 notatur
667 3857 840 3943 (ante
898 3858 1171 3942 mntem)
1237 3854 1349 3920 sed
1409 3851 1801 3918 Erfurtensis
1862 3871 2009 3914 cum
2076 3851 2223 3918 aliis
2282 3856 2739 3922 recentioribus

343 3963 516 4030 favet
573 3963 726 4028 huic
783 3961 1079 4039 lectioni,
1143 3961 1483 4047 praebenst
1553 3955 1843 4019 tusculana
1888 3960 1955 4020 in
1998 3969 2247 4023 montem
2296 3958 2465 4045 (autz
2514 3961 2735 4048 monte)

341 4075 621 4146 monum
672 4066 914 4134 similia
958 4067 1350 4132 Pithoeanus
1396 4063 1644 4148 (Franc.
1693 4082 1843 4127 cum
1891 4059 1965 4128 Τ.
2012 4062 2217 4150 facit).

431 4173 666 4243 Multis
732 4174 1022 4260 partibus
1077 4173 1336 4237 inferior
1401 4177 1497 4236 est
1553 4168 1945 4233 Erfurtensis
1971 4219 1987 4247 ,
2051 4175 2116 4236 et
2176 4170 2409 4258 reliqui
2464 4194 2625 4239 rece.
2674 4180 2741 4241 et

339 4281 719 4370 plerumque
777 4281 1044 4365 impune
1107 4276 1369 4366 neglegi
1429 4281 1692 4361 possunt
1712 4323 1730 4351 ,
1794 4276 2203 4362 suppeditant
2267 4284 2521 4360 tamen,
2570 4281 2739 4348 unde

341 4395 642 4475 appareat
711 4405 790 4454 ex
857 4385 984 4452 alio
1053 4405 1158 4452 eos
1227 4383 1400 4449 fonte
1463 4381 1725 4448 fluxisse
1787 4403 1979 4466 quam
2047 4383 2429 4450 Vaticanum
2448 4436 2467 4472 ,
2533 4385 2739 4454 veluti

345 4493 540 4562 1086.
591 4492 676 4561 16
722 4491 1003 4581 (Halm.)
1053 4489 1163 4559 V.:
1211 4491 1320 4558 hoc
1363 4491 1596 4555 dicebat
1639 4489 1886 4554 &aaut
1906 4539 1925 4576 ,
1964 4489 2152 4558 Recc.
2196 4493 2452 4560 dicimus
2490 4495 2741 4561 Silarum
