3414 5158
1090 1071 1238 1165 AD
1295 1069 1652 1165 TAGITI
1709 1069 2227 1164 ANNALES.

1517 1381 1827 1412 .—*—.

547 1625 768 1712 Nuper
814 1646 1012 1712 quum
1060 1625 1268 1693 Taciti
1315 1625 1592 1692 Annales
1636 1644 1675 1690 a
1722 1621 1946 1690 Gai-olo
1994 1622 2260 1690 Halmio
2298 1630 2598 1710 quartum
2642 1625 2845 1692 editos

455 1733 794 1798 intentiore
841 1753 991 1798 cura
1039 1732 1318 1820 legerem
1339 1779 1356 1808 ,
1405 1733 1599 1798 variis
1636 1731 1991 1816 occupabar
2027 1729 2375 1796 affectibus.
2469 1730 2845 1799 Delectabar

455 1840 626 1904 enim
667 1836 1004 1925 diligentia
1023 1885 1040 1915 ,
1083 1838 1468 1913 eruditione,
1507 1835 1792 1903 sollertia
1812 1884 1829 1912 ,
1868 1856 2029 1921 quae
2067 1835 2372 1902 Halmius
2404 1839 2471 1902 in
2496 1837 2840 1904 editionem

451 1943 794 2028 parandam
852 1943 1241 2026 contulerat,
1289 1948 1355 2008 at
1395 1940 1593 2008 simul
1640 1962 1792 2007 cum
1840 1941 2053 2008 dolore
2100 1947 2167 2007 et
2210 1945 2533 2008 maestitia
2581 1950 2840 2030 reputa·

450 2046 630 2126 bam,
694 2069 796 2114 me
843 2070 1212 2134 supremum
1259 2051 1506 2137 egregii
1555 2050 1678 2114 viri
1726 2068 1883 2133 opus
1929 2049 2221 2113 manibus
2269 2054 2501 2146 tenere.
2597 2049 2655 2114 E
2702 2053 2840 2117 vita

447 2158 620 2219 enim
687 2155 1024 2221 excessisse
1087 2177 1238 2221 eum
1303 2176 1725 2243 cognoveram
1774 2161 2112 2240 antequam
2164 2154 2357 2232 liber,
2412 2159 2515 2222 cui
2563 2159 2836 2224 novissi-

445 2280 623 2325 mam
694 2281 912 2327 curam
985 2261 1437 2347 impendisset,
1514 2263 1687 2348 typis
1759 2266 1931 2326 totus
2001 2266 2165 2326 esset
2233 2261 2604 2348 descriptus.
2697 2264 2838 2330 Etsi

443 2365 710 2433 Halmio
755 2370 824 2432 in
870 2369 1076 2453 patria
1121 2389 1236 2432 sua
1280 2371 1414 2432 iam
1461 2367 1704 2433 dudum
1755 2369 1877 2432 rite
1924 2372 2327 2451 parentatum
2374 2376 2472 2434 est
2504 2372 2833 2456 iustaeque

447 2475 506 2538 ei
569 2494 642 2539 ac
701 2473 951 2540 debitae
1008 2473 1229 2539 laudes
1291 2495 1326 2537 a
1374 2473 1577 2538 doctis
1629 2473 1787 2539 viris
1836 2473 2113 2538 tributae
2159 2483 2347 2558 sunt,
2392 2477 2504 2560 qui
2550 2479 2835 2563 insignes

445 2582 583 2644 eius
628 2582 906 2645 virtutes
953 2583 1190 2645 rectius
1236 2577 1598 2666 intelligere
1645 2585 1707 2644 et
1748 2577 2082 2644 aestimare
2122 2585 2421 2664 possunt,
2464 2586 2679 2647 tamen
2704 2603 2830 2647 non

443 2688 625 2770 potui
687 2682 982 2751 Tacitum
1046 2708 1214 2751 nunc
1261 2690 1532 2750 tractare
1577 2690 1653 2749 ut
1698 2704 1823 2750 non
1870 2685 2152 2749 Editoris
2187 2689 2566 2751 memoriam
2608 2690 2831 2772 paucis

441 2812 886 2877 prosequerer,
933 2794 1044 2877 qui
1091 2797 1166 2855 ut
1212 2791 1290 2857 de
1336 2794 1561 2856 ceteris
1607 2790 2019 2875 scriptoribus
2068 2791 2197 2857 sere
2245 2792 2575 2870 omnibus,
2625 2795 2718 2857 ita
2755 2792 2833 2859 de

439 2899 560 2965 hoc
629 2904 764 2963 tam
825 2896 1142 2983 praeclare
1209 2899 1480 2962 meritus
1539 2899 1648 2961 sit.
1745 2896 2041 2963 Profecto
2101 2916 2359 2980 omnes,
2411 2900 2522 2982 qui
2568 2898 2828 2964 Latinas

437 3004 688 3072 litteras
751 3004 968 3070 colunt
1029 3009 1094 3069 et
1155 3008 1408 3080 amant,
1474 3003 1579 3087 pio
1636 3023 1889 3088 semper
1932 3008 2243 3090 gratoque
2288 3005 2501 3069 animo
2546 3003 2831 3089 plurima

440 3131 511 3177 ac
559 3112 844 3176 maxima
889 3106 1189 3174 beneficia
1235 3110 1586 3174 tuebuntur
1632 3128 1903 3194 quorum
1956 3106 2261 3174 Halmius
2310 3114 2530 3174 auctor
2588 3111 2825 3175 extitit.

437 3216 544 3281 Illi
589 3216 758 3281 enim
807 3215 1074 3280 debetur
1118 3214 1282 3298 quod
1334 3213 1668 3299 permultis
1717 3214 2161 3299 scriptoribus,
2212 3215 2448 3300 quibus
2494 3236 2820 3281 recensen-

439 3322 537 3387 dis
596 3343 708 3407 per
768 3320 1030 3408 longam
1078 3340 1387 3386 annorum
1436 3322 1668 3386 seriem
1718 3339 1973 3405 operam
2022 3340 2205 3386 suam
2252 3322 2667 3407 studiumque
2715 3343 2824 3388 na-

435 3433 652 3505 vavit,
725 3429 950 3493 clarior
1019 3448 1212 3513 quam
1277 3431 1463 3492 antea
1519 3426 1634 3491 lux
1695 3426 1885 3492 hodie
1948 3424 2232 3513 affulget.
2326 3426 2547 3492 Varias
2608 3434 2826 3493 autem

431 3537 677 3622 ingenii
726 3534 904 3600 dotes
947 3537 1135 3618 atque
1174 3536 1372 3598 animi
1411 3539 1578 3599 artes
1617 3532 1696 3597 ad
1736 3535 2022 3597 criticam
2070 3532 2481 3597 exercendam
2508 3532 2823 3598 adhibuit.

433 3640 766 3726 Exquisita
814 3638 1072 3727 linguae
1120 3640 1384 3705 scientia
1430 3658 1576 3705 cum
1619 3637 1845 3703 iudicii
1894 3636 2252 3702 subtilitate
2300 3643 2491 3723 atque
2528 3640 2823 3704 acumine

431 3766 573 3812 rara
633 3744 939 3813 felicitate
1004 3748 1072 3810 in
1133 3766 1205 3810 eo
1269 3746 1607 3811 coniuncta
1669 3748 1867 3808 erant.
1961 3742 2101 3807 Etsi
2164 3744 2475 3808 bonorum
2528 3743 2820 3810 codicum

429 3853 876 3918 auctoritatem
937 3852 1240 3928 maximi,
1306 3855 1379 3914 ut
1442 3868 1557 3934 par
1617 3853 1715 3913 est
1736 3897 1753 3924 ,
1814 3848 2017 3913 facere
2076 3847 2354 3932 solebat,
2403 3854 2619 3914 tamen
2665 3870 2826 3914 nun-

427 3978 622 4042 quam
671 3956 1007 4044 vulgatam
1055 3959 1438 4041 scripturam
1486 3958 1622 4019 tam
1674 3956 1859 4019 anxie
1904 3959 1969 4019 et
2014 3958 2454 4039 superstitiose
2502 3956 2820 4031 defendit,

428 4070 504 4129 ut
563 4084 688 4129 non
751 4083 938 4128 sanae
1001 4074 1064 4127 et
1113 4068 1318 4127 rectae
1363 4062 1592 4125 rationi
1639 4058 1989 4146 plurimam
2037 4064 2171 4127 vim
2222 4061 2625 4127 tribuendam
2673 4083 2819 4127 cen-

425 4172 608 4233 seret.
703 4166 846 4243 Qua
889 4166 1202 4253 singulari
1251 4171 1386 4231 erat
1432 4165 1835 4231 humanitate
1856 4216 1875 4240 ,
1931 4186 2004 4231 ea
2045 4187 2207 4252 quae
2246 4169 2382 4253 ipse
2424 4171 2819 4257 excogitarat

424 4295 550 4338 non
597 4272 934 4338 dubitabat
973 4273 1268 4337 omittere
1292 4321 1308 4348 ,
1352 4274 1599 4356 quoties
1641 4271 1804 4338 alios
1844 4272 2272 4358 probabiliora
2310 4276 2623 4341 invenisse
2645 4276 2820 4343 vide-

427 4380 556 4444 bat.
604 4378 680 4443 ln
726 4378 1024 4444 omnibus
1072 4378 1369 4463 denique,
1419 4398 1579 4463 quae
1625 4379 1993 4464 evulgavit,
2041 4380 2294 4467 scriptis
2338 4382 2517 4447 varia
2561 4382 2699 4453 eius
2754 4388 2819 4453 et
