<?xml version="1.0" encoding="UTF-8"?>
<!DOCTYPE html PUBLIC "-//W3C//DTD XHTML 1.0 Transitional//EN"
    "http://www.w3.org/TR/xhtml1/DTD/xhtml1-transitional.dtd">
<html xmlns="http://www.w3.org/1999/xhtml" xml:lang="en" lang="en">
 <head>
  <title>
</title>
<meta http-equiv="Content-Type" content="text/html;charset=utf-8" />
  <meta name='ocr-system' content='tesseract 3.04.00' />
  <meta name='ocr-capabilities' content='ocr_page ocr_carea ocr_par ocr_line ocrx_word'/>
</head>
<body>
  <div class='ocr_page' id='page_1' title='image "./mnemosynevolume02verdgoog_0416.png"; bbox 0 0 3414 5158; ppageno 0'>
   <div class='ocr_carea' id='block_1_1' title="bbox 639 375 1959 444">
    <p class='ocr_par' dir='ltr' id='par_1_1' title="bbox 639 375 1959 444">
     <span class='ocr_line' id='line_1_1' title="bbox 639 375 1959 444; baseline 0 -2"><span class='ocrx_word' id='word_1_1' title='bbox 639 375 770 443; x_wconf 77' lang='lat'><strong>396</strong></span> <span class='ocrx_word' id='word_1_2' title='bbox 1716 389 1959 444; x_wconf 76' lang='lat' dir='ltr'><strong>mosao.</strong></span> 
     </span>
    </p>
   </div>
   <div class='ocr_carea' id='block_1_2' title="bbox 627 557 3035 2670">
    <p class='ocr_par' dir='ltr' id='par_1_2' title="bbox 627 557 3035 2670">
     <span class='ocr_line' id='line_1_2' title="bbox 636 557 3025 651; baseline -0.001 -20"><span class='ocrx_word' id='word_1_3' title='bbox 636 564 983 634; x_wconf 82' lang='lat' dir='ltr'><strong>relativum</strong></span> <span class='ocrx_word' id='word_1_4' title='bbox 1055 562 1522 651; x_wconf 86' lang='lat' dir='ltr'><strong>quodammodo</strong></span> <span class='ocrx_word' id='word_1_5' title='bbox 1594 564 1844 632; x_wconf 86' lang='lat' dir='ltr'><strong>causale</strong></span> <span class='ocrx_word' id='word_1_6' title='bbox 1908 568 2023 630; x_wconf 89' lang='lat' dir='ltr'><strong>est.</strong></span> <span class='ocrx_word' id='word_1_7' title='bbox 2118 561 2340 630; x_wconf 83' lang='lat' dir='ltr'><strong>Minus</strong></span> <span class='ocrx_word' id='word_1_8' title='bbox 2401 561 2569 628; x_wconf 89' lang='lat' dir='ltr'><strong>mihi</strong></span> <span class='ocrx_word' id='word_1_9' title='bbox 2630 582 2781 629; x_wconf 88' lang='lat' dir='ltr'><strong>cum</strong></span> <span class='ocrx_word' id='word_1_10' title='bbox 2820 581 2895 628; x_wconf 92' lang='lat' dir='ltr'><strong>eo</strong></span> <span class='ocrx_word' id='word_1_11' title='bbox 2946 557 3025 628; x_wconf 88' lang='lat' dir='ltr'><strong>de</strong></span> 
     </span>
     <span class='ocr_line' id='line_1_3' title="bbox 634 668 3028 759; baseline -0.002 -21"><span class='ocrx_word' id='word_1_12' title='bbox 634 684 778 738; x_wconf 69' lang='lat' dir='ltr'><strong>mat</strong></span> <span class='ocrx_word' id='word_1_13' title='bbox 831 673 1234 759; x_wconf 86' lang='lat' dir='ltr'><strong>praeferendo</strong></span> <span class='ocrx_word' id='word_1_14' title='bbox 1305 673 1621 740; x_wconf 79' lang='lat' dir='ltr'><strong>convenit.</strong></span> <span class='ocrx_word' id='word_1_15' title='bbox 1716 669 1841 737; x_wconf 83' lang='lat' dir='ltr'><strong>Sed</strong></span> <span class='ocrx_word' id='word_1_16' title='bbox 1900 669 2169 757; x_wconf 87' lang='lat' dir='ltr'><strong>longum</strong></span> <span class='ocrx_word' id='word_1_17' title='bbox 2197 675 2314 735; x_wconf 84' lang='lat' dir='ltr'><strong>-est</strong></span> <span class='ocrx_word' id='word_1_18' title='bbox 2358 668 2650 755; x_wconf 84' lang='lat' dir='ltr'><strong>pluribus</strong></span> <span class='ocrx_word' id='word_1_19' title='bbox 2694 671 3028 754; x_wconf 86' lang='lat' dir='ltr'><strong>persequi,</strong></span> 
     </span>
     <span class='ocr_line' id='line_1_4' title="bbox 637 774 3027 864; baseline -0.002 -21"><span class='ocrx_word' id='word_1_20' title='bbox 637 793 800 864; x_wconf 89' lang='lat' dir='ltr'><strong>quae</strong></span> <span class='ocrx_word' id='word_1_21' title='bbox 861 785 1185 864; x_wconf 86' lang='lat' dir='ltr'><strong>praeterea</strong></span> <span class='ocrx_word' id='word_1_22' title='bbox 1241 776 1562 844; x_wconf 83' lang='lat' dir='ltr'><strong>Mullerus</strong></span> <span class='ocrx_word' id='word_1_23' title='bbox 1611 777 1738 844; x_wconf 81' lang='lat' dir='ltr'><strong>vol.</strong></span> <span class='ocrx_word' id='word_1_24' title='bbox 1790 775 1909 842; x_wconf 83' lang='lat' dir='ltr'><strong>IV.</strong></span> <span class='ocrx_word' id='word_1_25' title='bbox 1964 777 1995 840; x_wconf 94' lang='lat' dir='ltr'><strong>l</strong></span> <span class='ocrx_word' id='word_1_26' title='bbox 2042 797 2104 861; x_wconf 90' lang='lat' dir='ltr'><strong>p.</strong></span> <span class='ocrx_word' id='word_1_27' title='bbox 2151 774 2239 841; x_wconf 81' lang='lat' dir='ltr'><strong>IV</strong></span> <span class='ocrx_word' id='word_1_28' title='bbox 2286 797 2348 842; x_wconf 85' lang='lat' dir='ltr'><strong>v.</strong></span> <span class='ocrx_word' id='word_1_29' title='bbox 2404 774 2522 859; x_wconf 86' lang='lat'><strong>14,</strong></span> <span class='ocrx_word' id='word_1_30' title='bbox 2568 797 2630 861; x_wconf 92' lang='lat' dir='ltr'><strong>p.</strong></span> <span class='ocrx_word' id='word_1_31' title='bbox 2679 774 2836 853; x_wconf 86' lang='lat' dir='ltr'><strong>XV,</strong></span> <span class='ocrx_word' id='word_1_32' title='bbox 2887 775 3027 860; x_wconf 61' lang='lat' dir='ltr'><strong>inf„</strong></span> 
     </span>
     <span class='ocr_line' id='line_1_5' title="bbox 636 880 3024 971; baseline 0 -23"><span class='ocrx_word' id='word_1_33' title='bbox 636 907 700 971; x_wconf 87' lang='lat' dir='ltr'><strong>p.</strong></span> <span class='ocrx_word' id='word_1_34' title='bbox 749 883 951 950; x_wconf 85' lang='lat' dir='ltr'><strong>XXX</strong></span> <span class='ocrx_word' id='word_1_35' title='bbox 1001 905 1059 950; x_wconf 84' lang='lat' dir='ltr'><strong>v.</strong></span> <span class='ocrx_word' id='word_1_36' title='bbox 1115 883 1198 948; x_wconf 83' lang='lat'><strong>12</strong></span> <span class='ocrx_word' id='word_1_37' title='bbox 1245 886 1325 950; x_wconf 87' lang='lat' dir='ltr'><strong>ab</strong></span> <span class='ocrx_word' id='word_1_38' title='bbox 1373 884 1512 966; x_wconf 69' lang='lat' dir='ltr'><strong>inf„</strong></span> <span class='ocrx_word' id='word_1_39' title='bbox 1559 904 1620 969; x_wconf 91' lang='lat' dir='ltr'><strong>p.</strong></span> <span class='ocrx_word' id='word_1_40' title='bbox 1674 881 1960 948; x_wconf 88' lang='lat' dir='ltr'>XXXIII</span> <span class='ocrx_word' id='word_1_41' title='bbox 2010 882 2115 969; x_wconf 89' lang='lat' dir='ltr'><strong>(ad</strong></span> <span class='ocrx_word' id='word_1_42' title='bbox 2160 881 2349 948; x_wconf 79' lang='lat' dir='ltr'><strong>Tusc.</strong></span> <span class='ocrx_word' id='word_1_43' title='bbox 2397 881 2448 948; x_wconf 91' lang='lat' dir='ltr'><strong>I.</strong></span> <span class='ocrx_word' id='word_1_44' title='bbox 2476 880 2568 948; x_wconf 88' lang='lat'><strong>80</strong></span> <span class='ocrx_word' id='word_1_45' title='bbox 2591 888 2775 958; x_wconf 78' lang='lat' dir='ltr'><strong>extr..</strong></span> <span class='ocrx_word' id='word_1_46' title='bbox 2802 887 3024 967; x_wconf 84' lang='lat' dir='ltr'><strong>acute,</strong></span> 
     </span>
     <span class='ocr_line' id='line_1_6' title="bbox 635 986 3034 1078; baseline -0.001 -22"><span class='ocrx_word' id='word_1_47' title='bbox 635 1011 752 1056; x_wconf 90' lang='lat' dir='ltr'><strong>nec</strong></span> <span class='ocrx_word' id='word_1_48' title='bbox 799 994 1017 1056; x_wconf 89' lang='lat' dir='ltr'><strong>tamen</strong></span> <span class='ocrx_word' id='word_1_49' title='bbox 1060 989 1590 1078; x_wconf 88' lang='lat' dir='ltr'><strong>Wesenbergium</strong></span> <span class='ocrx_word' id='word_1_50' title='bbox 1637 987 1976 1070; x_wconf 82' lang='lat' dir='ltr'><strong>convellit3</strong></span> <span class='ocrx_word' id='word_1_51' title='bbox 2021 1009 2183 1074; x_wconf 89' lang='lat' dir='ltr'><strong>quae</strong></span> <span class='ocrx_word' id='word_1_52' title='bbox 2220 991 2380 1064; x_wconf 83' lang='lat' dir='ltr'><strong>sint,</strong></span> <span class='ocrx_word' id='word_1_53' title='bbox 2421 1009 2545 1054; x_wconf 89' lang='lat' dir='ltr'><strong>non</strong></span> <span class='ocrx_word' id='word_1_54' title='bbox 2585 986 2801 1074; x_wconf 87' lang='lat' dir='ltr'><strong>qualia</strong></span> <span class='ocrx_word' id='word_1_55' title='bbox 2838 1009 3034 1073; x_wconf 88' lang='lat' dir='ltr'><strong>quae·</strong></span> 
     </span>
     <span class='ocr_line' id='line_1_7' title="bbox 635 1093 3027 1181; baseline 0 -20"><span class='ocrx_word' id='word_1_56' title='bbox 635 1095 848 1179; x_wconf 87' lang='lat' dir='ltr'><strong>ritur),</strong></span> <span class='ocrx_word' id='word_1_57' title='bbox 896 1095 1021 1164; x_wconf 85' lang='lat' dir='ltr'><strong>vol.</strong></span> <span class='ocrx_word' id='word_1_58' title='bbox 1073 1094 1186 1161; x_wconf 84' lang='lat' dir='ltr'><strong>lv.</strong></span> <span class='ocrx_word' id='word_1_59' title='bbox 1238 1093 1280 1160; x_wconf 81' lang='lat'>2</span> <span class='ocrx_word' id='word_1_60' title='bbox 1329 1117 1390 1181; x_wconf 87' lang='lat' dir='ltr'><strong>p.</strong></span> <span class='ocrx_word' id='word_1_61' title='bbox 1440 1095 1536 1160; x_wconf 88' lang='lat' dir='ltr'><strong>IV</strong></span> <span class='ocrx_word' id='word_1_62' title='bbox 1582 1117 1646 1164; x_wconf 79' lang='lat' dir='ltr'><strong>v.</strong></span> <span class='ocrx_word' id='word_1_63' title='bbox 1694 1094 1735 1160; x_wconf 69' lang='lat' dir='ltr'><strong>‘es</strong></span> <span class='ocrx_word' id='word_1_64' title='bbox 1784 1096 1863 1160; x_wconf 92' lang='lat' dir='ltr'><strong>ab</strong></span> <span class='ocrx_word' id='word_1_65' title='bbox 1908 1095 2023 1160; x_wconf 87' lang='lat' dir='ltr'><strong>inf.</strong></span> <span class='ocrx_word' id='word_1_66' title='bbox 2073 1095 2151 1160; x_wconf 88' lang='lat' dir='ltr'><strong>de</strong></span> <span class='ocrx_word' id='word_1_67' title='bbox 2196 1094 2420 1161; x_wconf 88' lang='lat' dir='ltr'><strong>eodem</strong></span> <span class='ocrx_word' id='word_1_68' title='bbox 2461 1093 2673 1172; x_wconf 85' lang='lat' dir='ltr'><strong>affert,</strong></span> <span class='ocrx_word' id='word_1_69' title='bbox 2712 1097 2869 1160; x_wconf 86' lang='lat' dir='ltr'><strong>satis</strong></span> <span class='ocrx_word' id='word_1_70' title='bbox 2894 1097 3027 1162; x_wconf 87' lang='lat' dir='ltr'><strong>iam</strong></span> 
     </span>
     <span class='ocr_line' id='line_1_8' title="bbox 638 1201 3031 1287; baseline -0 -19"><span class='ocrx_word' id='word_1_71' title='bbox 638 1209 898 1287; x_wconf 89' lang='lat' dir='ltr'><strong>apparet</strong></span> <span class='ocrx_word' id='word_1_72' title='bbox 957 1205 1448 1268; x_wconf 87' lang='lat' dir='ltr'><strong>inconstantiam</strong></span> <span class='ocrx_word' id='word_1_73' title='bbox 1498 1201 1835 1267; x_wconf 87' lang='lat' dir='ltr'><strong>modorum</strong></span> <span class='ocrx_word' id='word_1_74' title='bbox 1858 1247 1875 1280; x_wconf 88' lang='lat'>,</span> <span class='ocrx_word' id='word_1_75' title='bbox 1924 1203 1980 1266; x_wconf 89' lang='lat' dir='ltr'><strong>si</strong></span> <span class='ocrx_word' id='word_1_76' title='bbox 2026 1221 2153 1287; x_wconf 91' lang='lat' dir='ltr'><strong>qua</strong></span> <span class='ocrx_word' id='word_1_77' title='bbox 2196 1202 2317 1279; x_wconf 87' lang='lat' dir='ltr'><strong>sit,</strong></span> <span class='ocrx_word' id='word_1_78' title='bbox 2376 1222 2501 1267; x_wconf 89' lang='lat' dir='ltr'><strong>non</strong></span> <span class='ocrx_word' id='word_1_79' title='bbox 2546 1201 2791 1267; x_wconf 85' lang='lat' dir='ltr'><strong>ratione</strong></span> <span class='ocrx_word' id='word_1_80' title='bbox 2837 1201 3031 1268; x_wconf 91' lang='lat' dir='ltr'><strong>desti·</strong></span> 
     </span>
     <span class='ocr_line' id='line_1_9' title="bbox 637 1306 3031 1393; baseline -0.001 -19"><span class='ocrx_word' id='word_1_81' title='bbox 637 1309 754 1374; x_wconf 90' lang='lat' dir='ltr'><strong>tui.</strong></span> <span class='ocrx_word' id='word_1_82' title='bbox 829 1307 960 1374; x_wconf 87' lang='lat' dir='ltr'><strong>Res</strong></span> <span class='ocrx_word' id='word_1_83' title='bbox 1007 1315 1150 1374; x_wconf 91' lang='lat' dir='ltr'><strong>tum</strong></span> <span class='ocrx_word' id='word_1_84' title='bbox 1197 1311 1605 1393; x_wconf 85' lang='lat' dir='ltr'><strong>potissimum</strong></span> <span class='ocrx_word' id='word_1_85' title='bbox 1651 1306 1933 1374; x_wconf 87' lang='lat' dir='ltr'><strong>difficilis</strong></span> <span class='ocrx_word' id='word_1_86' title='bbox 1976 1314 2074 1373; x_wconf 90' lang='lat' dir='ltr'><strong>est</strong></span> <span class='ocrx_word' id='word_1_87' title='bbox 2094 1355 2110 1381; x_wconf 85' lang='lat'><strong>.</strong></span> <span class='ocrx_word' id='word_1_88' title='bbox 2158 1309 2214 1372; x_wconf 89' lang='lat' dir='ltr'><strong>si</strong></span> <span class='ocrx_word' id='word_1_89' title='bbox 2260 1317 2501 1373; x_wconf 87' lang='lat' dir='ltr'><strong>certam</strong></span> <span class='ocrx_word' id='word_1_90' title='bbox 2540 1325 2833 1373; x_wconf 87' lang='lat' dir='ltr'><strong>normam</strong></span> <span class='ocrx_word' id='word_1_91' title='bbox 2860 1307 3031 1372; x_wconf 85' lang='lat' dir='ltr'><strong>desi-</strong></span> 
     </span>
     <span class='ocr_line' id='line_1_10' title="bbox 637 1413 3030 1501; baseline -0.002 -19"><span class='ocrx_word' id='word_1_92' title='bbox 637 1413 849 1493; x_wconf 86' lang='lat' dir='ltr'><strong>deres;</strong></span> <span class='ocrx_word' id='word_1_93' title='bbox 897 1436 1102 1501; x_wconf 89' lang='lat' dir='ltr'><strong>neque</strong></span> <span class='ocrx_word' id='word_1_94' title='bbox 1149 1416 1322 1481; x_wconf 89' lang='lat' dir='ltr'><strong>enim</strong></span> <span class='ocrx_word' id='word_1_95' title='bbox 1371 1414 1450 1480; x_wconf 89' lang='lat' dir='ltr'><strong>ad</strong></span> <span class='ocrx_word' id='word_1_96' title='bbox 1496 1434 1795 1480; x_wconf 92' lang='lat' dir='ltr'><strong>numeros</strong></span> <span class='ocrx_word' id='word_1_97' title='bbox 1840 1415 2124 1480; x_wconf 81' lang='lat' dir='ltr'><strong>revocari</strong></span> <span class='ocrx_word' id='word_1_98' title='bbox 2170 1417 2409 1498; x_wconf 89' lang='lat' dir='ltr'><strong>potest;</strong></span> <span class='ocrx_word' id='word_1_99' title='bbox 2458 1415 2773 1478; x_wconf 86' lang='lat' dir='ltr'><strong>sentimus</strong></span> <span class='ocrx_word' id='word_1_100' title='bbox 2812 1417 3030 1479; x_wconf 90' lang='lat' dir='ltr'><strong>tamen</strong></span> 
     </span>
     <span class='ocr_line' id='line_1_11' title="bbox 635 1518 3035 1605; baseline -0.001 -19"><span class='ocrx_word' id='word_1_101' title='bbox 635 1541 759 1588; x_wconf 87' lang='lat' dir='ltr'><strong>usu</strong></span> <span class='ocrx_word' id='word_1_102' title='bbox 806 1521 977 1587; x_wconf 90' lang='lat' dir='ltr'><strong>docti</strong></span> <span class='ocrx_word' id='word_1_103' title='bbox 1025 1526 1170 1586; x_wconf 88' lang='lat' dir='ltr'><strong>uter</strong></span> <span class='ocrx_word' id='word_1_104' title='bbox 1215 1520 1444 1586; x_wconf 89' lang='lat' dir='ltr'><strong>modus</strong></span> <span class='ocrx_word' id='word_1_105' title='bbox 1493 1522 1580 1585; x_wconf 86' lang='lat' dir='ltr'><strong>sit</strong></span> <span class='ocrx_word' id='word_1_106' title='bbox 1627 1523 1834 1605; x_wconf 89' lang='lat' dir='ltr'><strong>aptior</strong></span> <span class='ocrx_word' id='word_1_107' title='bbox 1852 1569 1870 1605; x_wconf 88' lang='lat'>,</span> <span class='ocrx_word' id='word_1_108' title='bbox 1918 1521 2039 1586; x_wconf 86' lang='lat' dir='ltr'><strong>etsi</strong></span> <span class='ocrx_word' id='word_1_109' title='bbox 2083 1521 2359 1584; x_wconf 87' lang='lat' dir='ltr'><strong>rationes</strong></span> <span class='ocrx_word' id='word_1_110' title='bbox 2403 1519 2556 1585; x_wconf 88' lang='lat' dir='ltr'><strong>dare</strong></span> <span class='ocrx_word' id='word_1_111' title='bbox 2594 1518 2863 1584; x_wconf 75' lang='lat' dir='ltr'>subinde</span> <span class='ocrx_word' id='word_1_112' title='bbox 2910 1518 3035 1584; x_wconf 82' lang='lat' dir='ltr'><strong>dif-</strong></span> 
     </span>
     <span class='ocr_line' id='line_1_12' title="bbox 636 1625 3032 1720; baseline 0 -29"><span class='ocrx_word' id='word_1_113' title='bbox 636 1625 802 1692; x_wconf 91' lang='lat' dir='ltr'><strong>ficile</strong></span> <span class='ocrx_word' id='word_1_114' title='bbox 864 1632 962 1692; x_wconf 89' lang='lat' dir='ltr'><strong>est</strong></span> <span class='ocrx_word' id='word_1_115' title='bbox 1027 1625 1295 1720; x_wconf 82' lang='lat' dir='ltr'><strong>(Muller</strong></span> <span class='ocrx_word' id='word_1_116' title='bbox 1356 1625 1467 1692; x_wconf 86' lang='lat' dir='ltr'><strong>IV.</strong></span> <span class='ocrx_word' id='word_1_117' title='bbox 1529 1628 1587 1692; x_wconf 93' lang='grc'><strong>1.</strong></span> <span class='ocrx_word' id='word_1_118' title='bbox 1659 1625 1843 1711; x_wconf 86' lang='lat' dir='ltr'>XV),</span> <span class='ocrx_word' id='word_1_119' title='bbox 1896 1627 2209 1692; x_wconf 89' lang='lat' dir='ltr'><strong>sentimus</strong></span> <span class='ocrx_word' id='word_1_120' title='bbox 2256 1627 2489 1693; x_wconf 81' lang='lat' dir='ltr'><strong>varias</strong></span> <span class='ocrx_word' id='word_1_121' title='bbox 2512 1627 2693 1711; x_wconf 90' lang='lat' dir='ltr'><strong>quasi</strong></span> <span class='ocrx_word' id='word_1_122' title='bbox 2740 1625 3032 1692; x_wconf 89' lang='lat' dir='ltr'><strong>modula-</strong></span> 
     </span>
     <span class='ocr_line' id='line_1_13' title="bbox 627 1729 3031 1817; baseline -0 -18"><span class='ocrx_word' id='word_1_123' title='bbox 627 1735 840 1799; x_wconf 90' lang='lat' dir='ltr'><strong>-tiones</strong></span> <span class='ocrx_word' id='word_1_124' title='bbox 885 1731 1261 1799; x_wconf 75' lang='lat' dir='ltr'><strong>elocutionis</strong></span> <span class='ocrx_word' id='word_1_125' title='bbox 1277 1782 1296 1815; x_wconf 92' lang='lat'>,</span> <span class='ocrx_word' id='word_1_126' title='bbox 1343 1735 1654 1800; x_wconf 86' lang='lat' dir='ltr'><strong>maiorem</strong></span> <span class='ocrx_word' id='word_1_127' title='bbox 1701 1734 2105 1799; x_wconf 81' lang='lat' dir='ltr'><strong>minoremve</strong></span> <span class='ocrx_word' id='word_1_128' title='bbox 2150 1729 2453 1797; x_wconf 84' lang='lat' dir='ltr'><strong>fiduciam</strong></span> <span class='ocrx_word' id='word_1_129' title='bbox 2500 1731 2853 1817; x_wconf 57' lang='lat' dir='ltr'><strong>loquentiu</strong></span> <span class='ocrx_word' id='word_1_130' title='bbox 2901 1732 3031 1798; x_wconf 83' lang='lat' dir='ltr'><strong>dis-</strong></span> 
     </span>
     <span class='ocr_line' id='line_1_14' title="bbox 635 1837 3027 1924; baseline -0.001 -18"><span class='ocrx_word' id='word_1_131' title='bbox 635 1841 880 1906; x_wconf 89' lang='lat' dir='ltr'><strong>crimen</strong></span> <span class='ocrx_word' id='word_1_132' title='bbox 947 1841 1114 1904; x_wconf 89' lang='lat' dir='ltr'><strong>inter</strong></span> <span class='ocrx_word' id='word_1_133' title='bbox 1183 1839 1456 1906; x_wconf 83' lang='lat' dir='ltr'><strong>relativa</strong></span> <span class='ocrx_word' id='word_1_134' title='bbox 1517 1837 1848 1904; x_wconf 82' lang='lat' dir='ltr'><strong>definitiva</strong></span> <span class='ocrx_word' id='word_1_135' title='bbox 1906 1847 1971 1905; x_wconf 92' lang='lat' dir='ltr'><strong>et</strong></span> <span class='ocrx_word' id='word_1_136' title='bbox 2019 1838 2401 1924; x_wconf 85' lang='lat' dir='ltr'><strong>qualitativa</strong></span> <span class='ocrx_word' id='word_1_137' title='bbox 2448 1838 3027 1905; x_wconf 73' lang='lat' dir='ltr'><strong>animadvertimus</strong></span> 
     </span>
     <span class='ocr_line' id='line_1_15' title="bbox 635 1943 3029 2032; baseline 0 -23"><span class='ocrx_word' id='word_1_138' title='bbox 635 1944 910 2032; x_wconf 90' lang='lat' dir='ltr'><strong>singulis</strong></span> <span class='ocrx_word' id='word_1_139' title='bbox 955 1965 1152 2029; x_wconf 84' lang='lat' dir='ltr'><strong>paene</strong></span> <span class='ocrx_word' id='word_1_140' title='bbox 1219 1945 1406 2022; x_wconf 88' lang='lat' dir='ltr'><strong>locis;</strong></span> <span class='ocrx_word' id='word_1_141' title='bbox 1479 1944 1624 2011; x_wconf 87' lang='lat' dir='ltr'><strong>aliis</strong></span> <span class='ocrx_word' id='word_1_142' title='bbox 1642 1994 1660 2028; x_wconf 90' lang='lat'>‚</span> <span class='ocrx_word' id='word_1_143' title='bbox 1733 1945 1847 2010; x_wconf 91' lang='lat' dir='ltr'><strong>ubi</strong></span> <span class='ocrx_word' id='word_1_144' title='bbox 1916 1953 2184 2030; x_wconf 89' lang='lat' dir='ltr'><strong>uterque</strong></span> <span class='ocrx_word' id='word_1_145' title='bbox 2252 1943 2482 2009; x_wconf 90' lang='lat' dir='ltr'><strong>modus</strong></span> <span class='ocrx_word' id='word_1_146' title='bbox 2543 1947 2856 2010; x_wconf 88' lang='lat' dir='ltr'><strong>sententia</strong></span> <span class='ocrx_word' id='word_1_147' title='bbox 2900 1965 3029 2010; x_wconf 85' lang='lat' dir='ltr'><strong>non</strong></span> 
     </span>
     <span class='ocr_line' id='line_1_16' title="bbox 637 2051 3027 2136; baseline -0 -19"><span class='ocrx_word' id='word_1_148' title='bbox 637 2053 882 2117; x_wconf 89' lang='lat' dir='ltr'><strong>alienus</strong></span> <span class='ocrx_word' id='word_1_149' title='bbox 929 2059 1057 2129; x_wconf 88' lang='lat' dir='ltr'><strong>est,</strong></span> <span class='ocrx_word' id='word_1_150' title='bbox 1131 2052 1375 2117; x_wconf 86' lang='lat' dir='ltr'><strong>codices</strong></span> <span class='ocrx_word' id='word_1_151' title='bbox 1421 2072 1608 2117; x_wconf 90' lang='lat' dir='ltr'><strong>omne</strong></span> <span class='ocrx_word' id='word_1_152' title='bbox 1653 2057 2059 2117; x_wconf 79' lang='lat' dir='ltr'><strong>momentum</strong></span> <span class='ocrx_word' id='word_1_153' title='bbox 2104 2052 2365 2128; x_wconf 88' lang='lat' dir='ltr'><strong>habent,</strong></span> <span class='ocrx_word' id='word_1_154' title='bbox 2412 2072 2450 2116; x_wconf 87' lang='lat' dir='ltr'><strong>a</strong></span> <span class='ocrx_word' id='word_1_155' title='bbox 2490 2051 2723 2136; x_wconf 88' lang='lat' dir='ltr'><strong>quibus</strong></span> <span class='ocrx_word' id='word_1_156' title='bbox 2764 2053 3027 2116; x_wconf 89' lang='lat' dir='ltr'><strong>omnino</strong></span> 
     </span>
     <span class='ocr_line' id='line_1_17' title="bbox 637 2156 3028 2244; baseline 0 -24"><span class='ocrx_word' id='word_1_157' title='bbox 637 2164 893 2241; x_wconf 89' lang='lat' dir='ltr'><strong>propter</strong></span> <span class='ocrx_word' id='word_1_158' title='bbox 934 2157 1148 2244; x_wconf 88' lang='lat' dir='ltr'><strong>legem</strong></span> <span class='ocrx_word' id='word_1_159' title='bbox 1196 2156 1478 2241; x_wconf 90' lang='lat' dir='ltr'><strong>aliquam</strong></span> <span class='ocrx_word' id='word_1_160' title='bbox 1528 2157 1856 2223; x_wconf 78' lang='lat' dir='ltr'><strong>subtiliter</strong></span> <span class='ocrx_word' id='word_1_161' title='bbox 1894 2177 1931 2222; x_wconf 88' lang='grc'><strong>8</strong></span> <span class='ocrx_word' id='word_1_162' title='bbox 1970 2156 2413 2243; x_wconf 73' lang='lat' dir='ltr'><strong>grammaticis</strong></span> <span class='ocrx_word' id='word_1_163' title='bbox 2450 2157 2877 2243; x_wconf 80' lang='lat' dir='ltr'><strong>excogitatam</strong></span> <span class='ocrx_word' id='word_1_164' title='bbox 2902 2178 3028 2222; x_wconf 91' lang='lat' dir='ltr'><strong>non</strong></span> 
     </span>
     <span class='ocr_line' id='line_1_18' title="bbox 636 2261 3029 2329; baseline 0.001 -3"><span class='ocrx_word' id='word_1_165' title='bbox 636 2269 875 2328; x_wconf 87' lang='lat' dir='ltr'><strong>temere</strong></span> <span class='ocrx_word' id='word_1_166' title='bbox 943 2263 1360 2329; x_wconf 89' lang='lat' dir='ltr'><strong>recedendum</strong></span> <span class='ocrx_word' id='word_1_167' title='bbox 1419 2269 1549 2328; x_wconf 76' lang='lat' dir='ltr'><strong>est.</strong></span> <span class='ocrx_word' id='word_1_168' title='bbox 1644 2263 1722 2327; x_wconf 89' lang='lat' dir='ltr'><strong>In</strong></span> <span class='ocrx_word' id='word_1_169' title='bbox 1787 2283 1861 2328; x_wconf 91' lang='lat' dir='ltr'><strong>eo</strong></span> <span class='ocrx_word' id='word_1_170' title='bbox 1924 2264 2232 2329; x_wconf 87' lang='lat' dir='ltr'><strong>assentior</strong></span> <span class='ocrx_word' id='word_1_171' title='bbox 2291 2261 2583 2327; x_wconf 79' lang='lat' dir='ltr'><strong>Mullero.</strong></span> <span class='ocrx_word' id='word_1_172' title='bbox 2680 2261 2805 2328; x_wconf 87' lang='lat' dir='ltr'><strong>Sed</strong></span> <span class='ocrx_word' id='word_1_173' title='bbox 2864 2262 2928 2327; x_wconf 89' lang='lat' dir='ltr'><strong>h.</strong></span> <span class='ocrx_word' id='word_1_174' title='bbox 2980 2263 3029 2329; x_wconf 89' lang='lat' dir='ltr'><strong>l.</strong></span> 
     </span>
     <span class='ocr_line' id='line_1_19' title="bbox 638 2367 3030 2453; baseline 0 -19"><span class='ocrx_word' id='word_1_175' title='bbox 638 2369 1029 2434; x_wconf 87' lang='lat' dir='ltr'><strong>coniunctivi</strong></span> <span class='ocrx_word' id='word_1_176' title='bbox 1097 2367 1275 2434; x_wconf 88' lang='lat' dir='ltr'><strong>nulla</strong></span> <span class='ocrx_word' id='word_1_177' title='bbox 1344 2369 1535 2434; x_wconf 70' lang='lat' dir='ltr'><strong>ratio⁴</strong></span> <span class='ocrx_word' id='word_1_178' title='bbox 1579 2375 1706 2446; x_wconf 80' lang='lat' dir='ltr'><strong>est3</strong></span> <span class='ocrx_word' id='word_1_179' title='bbox 1782 2389 1933 2434; x_wconf 90' lang='lat' dir='ltr'><strong>nam</strong></span> <span class='ocrx_word' id='word_1_180' title='bbox 2006 2367 2173 2453; x_wconf 90' lang='lat' dir='ltr'><strong>quod</strong></span> <span class='ocrx_word' id='word_1_181' title='bbox 2218 2367 2532 2434; x_wconf 82' lang='lat' dir='ltr'><strong>Mullorus</strong></span> <span class='ocrx_word' id='word_1_182' title='bbox 2577 2371 3030 2453; x_wconf 84' lang='lat' dir='ltr'><strong>interpretatur</strong></span> 
     </span>
     <span class='ocr_line' id='line_1_20' title="bbox 641 2474 3031 2560; baseline 0 -19"><span class='ocrx_word' id='word_1_183' title='bbox 641 2475 999 2554; x_wconf 88' lang='lat' dir='ltr'><strong>„eiusmodi</strong></span> <span class='ocrx_word' id='word_1_184' title='bbox 1043 2476 1448 2560; x_wconf 85' lang='lat' dir='ltr'><strong>hominibus,</strong></span> <span class='ocrx_word' id='word_1_185' title='bbox 1487 2478 1598 2560; x_wconf 91' lang='lat' dir='ltr'><strong>qui</strong></span> <span class='ocrx_word' id='word_1_186' title='bbox 1639 2483 1928 2560; x_wconf 82' lang='lat' dir='ltr'><strong>expertes</strong></span> <span class='ocrx_word' id='word_1_187' title='bbox 1976 2474 2145 2539; x_wconf 87' lang='lat' dir='ltr'><strong>sint”</strong></span> <span class='ocrx_word' id='word_1_188' title='bbox 2192 2476 2407 2539; x_wconf 89' lang='lat' dir='ltr'><strong>minus</strong></span> <span class='ocrx_word' id='word_1_189' title='bbox 2456 2475 2687 2558; x_wconf 88' lang='lat' dir='ltr'><strong>probo:</strong></span> <span class='ocrx_word' id='word_1_190' title='bbox 2736 2474 3031 2541; x_wconf 86' lang='lat' dir='ltr'><strong>homines</strong></span> 
     </span>
     <span class='ocr_line' id='line_1_21' title="bbox 635 2579 3028 2670; baseline 0.001 -23"><span class='ocrx_word' id='word_1_191' title='bbox 635 2581 920 2647; x_wconf 89' lang='lat' dir='ltr'><strong>nondum</strong></span> <span class='ocrx_word' id='word_1_192' title='bbox 979 2584 1281 2667; x_wconf 84' lang='lat' dir='ltr'><strong>descripti</strong></span> <span class='ocrx_word' id='word_1_193' title='bbox 1325 2582 1446 2647; x_wconf 88' lang='lat' dir='ltr'><strong>hac</strong></span> <span class='ocrx_word' id='word_1_194' title='bbox 1490 2582 1761 2649; x_wconf 82' lang='lat' dir='ltr'><strong>relativa</strong></span> <span class='ocrx_word' id='word_1_195' title='bbox 1807 2584 2121 2647; x_wconf 85' lang='lat' dir='ltr'><strong>sententia</strong></span> <span class='ocrx_word' id='word_1_196' title='bbox 2167 2579 2547 2666; x_wconf 88' lang='lat' dir='ltr'><strong>simpliciter</strong></span> <span class='ocrx_word' id='word_1_197' title='bbox 2592 2583 3028 2670; x_wconf 81' lang='lat' dir='ltr'><strong>designantur.</strong></span> 
     </span>
    </p>
   </div>
   <div class='ocr_carea' id='block_1_3' title="bbox 541 2794 3037 4470">
    <p class='ocr_par' dir='ltr' id='par_1_3' title="bbox 637 2794 3032 3286">
     <span class='ocr_line' id='line_1_22' title="bbox 727 2794 3031 2875; baseline -0 -12"><span class='ocrx_word' id='word_1_198' title='bbox 727 2797 790 2863; x_wconf 89' lang='grc'><strong>6.</strong></span> <span class='ocrx_word' id='word_1_199' title='bbox 867 2798 1078 2875; x_wconf 89' lang='lat' dir='ltr'><strong>„Nam</strong></span> <span class='ocrx_word' id='word_1_200' title='bbox 1149 2796 1256 2865; x_wconf 81' lang='lat' dir='ltr'><strong>vel</strong></span> <span class='ocrx_word' id='word_1_201' title='bbox 1325 2797 1595 2863; x_wconf 90' lang='lat' dir='ltr'><strong>exilium</strong></span> <span class='ocrx_word' id='word_1_202' title='bbox 1667 2794 1930 2863; x_wconf 83' lang='lat' dir='ltr'><strong>Camilli</strong></span> <span class='ocrx_word' id='word_1_203' title='bbox 1970 2796 2106 2865; x_wconf 81' lang='lat' dir='ltr'><strong>-vel</strong></span> <span class='ocrx_word' id='word_1_204' title='bbox 2175 2796 2429 2862; x_wconf 87' lang='lat' dir='ltr'><strong>offensio</strong></span> <span class='ocrx_word' id='word_1_205' title='bbox 2492 2802 3031 2863; x_wconf 88' lang='lat' dir='ltr'><strong>commemoratur</strong></span> 
     </span>
     <span class='ocr_line' id='line_1_23' title="bbox 637 2900 3029 2989; baseline -0.001 -20"><span class='ocrx_word' id='word_1_206' title='bbox 637 2903 882 2969; x_wconf 88' lang='lat' dir='ltr'><strong>Ahalae</strong></span> <span class='ocrx_word' id='word_1_207' title='bbox 952 2902 1059 2971; x_wconf 83' lang='lat' dir='ltr'><strong>vel</strong></span> <span class='ocrx_word' id='word_1_208' title='bbox 1126 2902 1370 2969; x_wconf 83' lang='lat' dir='ltr'><strong>invidia</strong></span> <span class='ocrx_word' id='word_1_209' title='bbox 1438 2901 1706 2968; x_wconf 85' lang='lat' dir='ltr'><strong>Nasicae</strong></span> <span class='ocrx_word' id='word_1_210' title='bbox 1774 2902 1880 2967; x_wconf 75' lang='lat' dir='ltr'><strong>vel</strong></span> <span class='ocrx_word' id='word_1_211' title='bbox 1940 2902 2229 2987; x_wconf 87' lang='lat' dir='ltr'><strong>expulsio</strong></span> <span class='ocrx_word' id='word_1_212' title='bbox 2280 2901 2579 2967; x_wconf 87' lang='lat' dir='ltr'><strong>Laenatis</strong></span> <span class='ocrx_word' id='word_1_213' title='bbox 2642 2901 2746 2969; x_wconf 87' lang='lat' dir='ltr'><strong>vel</strong></span> <span class='ocrx_word' id='word_1_214' title='bbox 2808 2900 3029 2989; x_wconf 89' lang='lat' dir='ltr'><strong>Opimi</strong></span> 
     </span>
     <span class='ocr_line' id='line_1_24' title="bbox 638 3005 3029 3096; baseline 0.001 -23"><span class='ocrx_word' id='word_1_215' title='bbox 638 3010 965 3076; x_wconf 90' lang='lat' dir='ltr'><strong>damnatio</strong></span> <span class='ocrx_word' id='word_1_216' title='bbox 1011 3007 1118 3077; x_wconf 85' lang='lat' dir='ltr'><strong>vel</strong></span> <span class='ocrx_word' id='word_1_217' title='bbox 1165 3009 1322 3096; x_wconf 86' lang='lat' dir='ltr'><strong>fuga</strong></span> <span class='ocrx_word' id='word_1_218' title='bbox 1367 3008 1620 3075; x_wconf 85' lang='lat' dir='ltr'><strong>Metelli</strong></span> <span class='ocrx_word' id='word_1_219' title='bbox 1667 3006 1769 3072; x_wconf 84' lang='lat' dir='ltr'><strong>vel</strong></span> <span class='ocrx_word' id='word_1_220' title='bbox 1819 3009 2227 3074; x_wconf 88' lang='lat' dir='ltr'><strong>acerbissima</strong></span> <span class='ocrx_word' id='word_1_221' title='bbox 2275 3005 2346 3075; x_wconf 86' lang='lat' dir='ltr'><strong>O.</strong></span> <span class='ocrx_word' id='word_1_222' title='bbox 2395 3008 2566 3075; x_wconf 86' lang='lat' dir='ltr'><strong>Mari</strong></span> <span class='ocrx_word' id='word_1_223' title='bbox 2608 3008 2817 3075; x_wconf 85' lang='lat' dir='ltr'><strong>clades</strong></span> <span class='ocrx_word' id='word_1_224' title='bbox 2854 3013 3029 3094; x_wconf 87' lang='lat' dir='ltr'><strong>prin·-</strong></span> 
     </span>
     <span class='ocr_line' id='line_1_25' title="bbox 639 3113 3032 3200; baseline 0 -20"><span class='ocrx_word' id='word_1_225' title='bbox 639 3117 852 3198; x_wconf 91' lang='lat' dir='ltr'><strong>cipum</strong></span> <span class='ocrx_word' id='word_1_226' title='bbox 924 3113 1143 3180; x_wconf 89' lang='lat' dir='ltr'><strong>caedes</strong></span> <span class='ocrx_word' id='word_1_227' title='bbox 1217 3113 1321 3180; x_wconf 85' lang='lat' dir='ltr'><strong>vel</strong></span> <span class='ocrx_word' id='word_1_228' title='bbox 1393 3134 1613 3179; x_wconf 90' lang='lat' dir='ltr'><strong>eorum</strong></span> <span class='ocrx_word' id='word_1_229' title='bbox 1675 3114 2035 3178; x_wconf 84' lang='lat' dir='ltr'><strong>multorum</strong></span> <span class='ocrx_word' id='word_1_230' title='bbox 2101 3120 2345 3199; x_wconf 82' lang='lat' dir='ltr'><strong>pestes,</strong></span> <span class='ocrx_word' id='word_1_231' title='bbox 2408 3136 2567 3199; x_wconf 84' lang='lat' dir='ltr'><strong>quae</strong></span> <span class='ocrx_word' id='word_1_232' title='bbox 2630 3114 2819 3200; x_wconf 87' lang='lat' dir='ltr'><strong>paulo</strong></span> <span class='ocrx_word' id='word_1_233' title='bbox 2890 3125 3032 3200; x_wconf 88' lang='lat' dir='ltr'><strong>post</strong></span> 
     </span>
     <span class='ocr_line' id='line_1_26' title="bbox 637 3219 1147 3286; baseline -0.004 0"><span class='ocrx_word' id='word_1_234' title='bbox 637 3228 892 3286; x_wconf 88' lang='lat' dir='ltr'><strong>secutae</strong></span> <span class='ocrx_word' id='word_1_235' title='bbox 937 3219 1147 3285; x_wconf 89' lang='lat' dir='ltr'><strong>sunt’&#39;.</strong></span> 
     </span>
    </p>

    <p class='ocr_par' dir='ltr' id='par_1_4' title="bbox 541 3324 3037 4470">
     <span class='ocr_line' id='line_1_27' title="bbox 727 3324 3032 3411; baseline 0.003 -23"><span class='ocrx_word' id='word_1_236' title='bbox 727 3324 1065 3391; x_wconf 89' lang='lat' dir='ltr'><strong>Postrema</strong></span> <span class='ocrx_word' id='word_1_237' title='bbox 1111 3330 1404 3408; x_wconf 88' lang='lat' dir='ltr'><strong>corrupta</strong></span> <span class='ocrx_word' id='word_1_238' title='bbox 1455 3346 1589 3389; x_wconf 88' lang='lat' dir='ltr'><strong>esse</strong></span> <span class='ocrx_word' id='word_1_239' title='bbox 1635 3324 1923 3410; x_wconf 89' lang='lat' dir='ltr'><strong>plerique</strong></span> <span class='ocrx_word' id='word_1_240' title='bbox 1969 3332 2328 3402; x_wconf 85' lang='lat' dir='ltr'><strong>senserunt,</strong></span> <span class='ocrx_word' id='word_1_241' title='bbox 2378 3346 2648 3411; x_wconf 82' lang='lat' dir='ltr'><strong>quorum</strong></span> <span class='ocrx_word' id='word_1_242' title='bbox 2700 3330 3032 3394; x_wconf 87' lang='lat' dir='ltr'><strong>conamina</strong></span> 
     </span>
     <span class='ocr_line' id='line_1_28' title="bbox 637 3429 3031 3517; baseline 0.001 -22"><span class='ocrx_word' id='word_1_243' title='bbox 637 3436 920 3496; x_wconf 88' lang='lat' dir='ltr'><strong>recenset</strong></span> <span class='ocrx_word' id='word_1_244' title='bbox 988 3429 1060 3498; x_wconf 84' lang='lat' dir='ltr'><strong>G.</strong></span> <span class='ocrx_word' id='word_1_245' title='bbox 1125 3430 1194 3495; x_wconf 85' lang='lat' dir='ltr'><strong>F.</strong></span> <span class='ocrx_word' id='word_1_246' title='bbox 1269 3430 1367 3496; x_wconf 89' lang='lat' dir='ltr'><strong>W.</strong></span> <span class='ocrx_word' id='word_1_247' title='bbox 1433 3430 1704 3496; x_wconf 80' lang='lat' dir='ltr'><strong>Muller:</strong></span> <span class='ocrx_word' id='word_1_248' title='bbox 1761 3432 2128 3517; x_wconf 77' lang='lat' dir='ltr'><strong>[principum</strong></span> <span class='ocrx_word' id='word_1_249' title='bbox 2176 3434 2447 3515; x_wconf 71' lang='lat' dir='ltr'><strong>caedes]‚</strong></span> <span class='ocrx_word' id='word_1_250' title='bbox 2497 3432 2745 3512; x_wconf 81' lang='lat' dir='ltr'><strong>Moser,</strong></span> <span class='ocrx_word' id='word_1_251' title='bbox 2794 3432 3031 3511; x_wconf 89' lang='lat' dir='ltr'><strong>Halm,</strong></span> 
     </span>
     <span class='ocr_line' id='line_1_29' title="bbox 541 3536 3034 3621; baseline 0 -20"><span class='ocrx_word' id='word_1_252' title='bbox 541 3580 544 3583; x_wconf 87' lang='lat'>-</span> <span class='ocrx_word' id='word_1_253' title='bbox 623 3542 968 3621; x_wconf 76' lang='lat' dir='ltr'><strong>principum</strong></span> <span class='ocrx_word' id='word_1_254' title='bbox 1015 3538 1220 3600; x_wconf 64' lang='lat' dir='ltr'><strong>caedes</strong></span> <span class='ocrx_word' id='word_1_255' title='bbox 1239 3584 1254 3613; x_wconf 89' lang='lat'>‚</span> <span class='ocrx_word' id='word_1_256' title='bbox 1298 3538 1578 3601; x_wconf 75' lang='lat' dir='ltr'><strong>bellorum</strong></span> <span class='ocrx_word' id='word_1_257' title='bbox 1623 3538 1944 3601; x_wconf 76' lang='lat' dir='ltr'><strong>multorum</strong></span> <span class='ocrx_word' id='word_1_258' title='bbox 1986 3544 2178 3619; x_wconf 72' lang='lat' dir='ltr'><strong>pestes</strong></span> <span class='ocrx_word' id='word_1_259' title='bbox 2224 3536 2481 3615; x_wconf 69' lang='lat' dir='ltr'><strong>Osann„</strong></span> <span class='ocrx_word' id='word_1_260' title='bbox 2533 3539 2630 3602; x_wconf 81' lang='lat' dir='ltr'><strong>vel</strong></span> <span class='ocrx_word' id='word_1_261' title='bbox 2660 3540 2861 3621; x_wconf 76' lang='lat' dir='ltr'><strong>princ.</strong></span> <span class='ocrx_word' id='word_1_262' title='bbox 2904 3562 3034 3603; x_wconf 81' lang='lat' dir='ltr'><strong>cae·-</strong></span> 
     </span>
     <span class='ocr_line' id='line_1_30' title="bbox 637 3642 3035 3730; baseline 0.001 -23"><span class='ocrx_word' id='word_1_263' title='bbox 637 3650 738 3708; x_wconf 73' lang='lat' dir='ltr'><strong>dee</strong></span> <span class='ocrx_word' id='word_1_264' title='bbox 785 3642 1094 3730; x_wconf 81' lang='lat' dir='ltr'><strong>Machly,</strong></span> <span class='ocrx_word' id='word_1_265' title='bbox 1131 3644 1335 3727; x_wconf 79' lang='lat' dir='ltr'><strong>princ.</strong></span> <span class='ocrx_word' id='word_1_266' title='bbox 1387 3646 1628 3720; x_wconf 59' lang='lat' dir='ltr'><strong>caedes,</strong></span> <span class='ocrx_word' id='word_1_267' title='bbox 1677 3644 1933 3706; x_wconf 78' lang='lat' dir='ltr'><strong>aliorum</strong></span> <span class='ocrx_word' id='word_1_268' title='bbox 1979 3644 2295 3707; x_wconf 75' lang='lat' dir='ltr'><strong>multorum</strong></span> <span class='ocrx_word' id='word_1_269' title='bbox 2324 3656 2527 3725; x_wconf 72' lang='lat' dir='ltr'><strong>pestes</strong></span> <span class='ocrx_word' id='word_1_270' title='bbox 2568 3643 2843 3710; x_wconf 86' lang='lat' dir='ltr'><strong>Urlichs.</strong></span> <span class='ocrx_word' id='word_1_271' title='bbox 2893 3642 3035 3729; x_wconf 85' lang='lat' dir='ltr'><strong>Ipse</strong></span> 
     </span>
     <span class='ocr_line' id='line_1_31' title="bbox 625 3748 3028 3835; baseline 0 -21"><span class='ocrx_word' id='word_1_272' title='bbox 625 3750 1082 3834; x_wconf 74' lang='lat' dir='ltr'><strong>principumque</strong></span> <span class='ocrx_word' id='word_1_273' title='bbox 1149 3750 1372 3813; x_wconf 71' lang='lat' dir='ltr'><strong>caedes.</strong></span> <span class='ocrx_word' id='word_1_274' title='bbox 1467 3748 1771 3814; x_wconf 89' lang='lat' dir='ltr'><strong>Urlichsii</strong></span> <span class='ocrx_word' id='word_1_275' title='bbox 1850 3751 2211 3813; x_wconf 88' lang='lat' dir='ltr'><strong>coniectura</strong></span> <span class='ocrx_word' id='word_1_276' title='bbox 2280 3749 2541 3833; x_wconf 79' lang='lat' dir='ltr'><strong>reliquis</strong></span> <span class='ocrx_word' id='word_1_277' title='bbox 2588 3750 3028 3835; x_wconf 85' lang='lat' dir='ltr'><strong>praeferenda,</strong></span> 
     </span>
     <span class='ocr_line' id='line_1_32' title="bbox 637 3854 3037 3941; baseline -0.001 -20"><span class='ocrx_word' id='word_1_278' title='bbox 637 3876 760 3941; x_wconf 87' lang='lat' dir='ltr'><strong>qua</strong></span> <span class='ocrx_word' id='word_1_279' title='bbox 829 3854 1169 3921; x_wconf 84' lang='lat' dir='ltr'><strong>insolentia</strong></span> <span class='ocrx_word' id='word_1_280' title='bbox 1229 3855 1525 3920; x_wconf 86' lang='lat' dir='ltr'><strong>dictionis</strong></span> <span class='ocrx_word' id='word_1_281' title='bbox 1593 3876 1788 3918; x_wconf 77' lang='lat' dir='ltr'><strong>eorum</strong></span> <span class='ocrx_word' id='word_1_282' title='bbox 1852 3854 2169 3917; x_wconf 70' lang='lat' dir='ltr'><strong>multorum</strong></span> <span class='ocrx_word' id='word_1_283' title='bbox 2226 3862 2418 3937; x_wconf 70' lang='lat' dir='ltr'><strong>pestes</strong></span> <span class='ocrx_word' id='word_1_284' title='bbox 2463 3854 2721 3921; x_wconf 86' lang='lat' dir='ltr'><strong>lenitur.</strong></span> <span class='ocrx_word' id='word_1_285' title='bbox 2816 3858 2903 3920; x_wconf 89' lang='lat' dir='ltr'><strong>At</strong></span> <span class='ocrx_word' id='word_1_286' title='bbox 2958 3876 3037 3919; x_wconf 91' lang='lat' dir='ltr'><strong>ex</strong></span> 
     </span>
     <span class='ocr_line' id='line_1_33' title="bbox 636 3958 3031 4047; baseline -0.001 -21"><span class='ocrx_word' id='word_1_287' title='bbox 636 3968 816 4045; x_wconf 88' lang='lat' dir='ltr'><strong>parte</strong></span> <span class='ocrx_word' id='word_1_288' title='bbox 863 3966 1116 4025; x_wconf 89' lang='lat' dir='ltr'><strong>tantum</strong></span> <span class='ocrx_word' id='word_1_289' title='bbox 1133 3981 1150 4037; x_wconf 80' lang='lat'>3</span> <span class='ocrx_word' id='word_1_290' title='bbox 1206 3960 1466 4035; x_wconf 86' lang='lat' dir='ltr'><strong>dubito,</strong></span> <span class='ocrx_word' id='word_1_291' title='bbox 1516 3980 1674 4023; x_wconf 91' lang='lat' dir='ltr'><strong>num</strong></span> <span class='ocrx_word' id='word_1_292' title='bbox 1714 3961 1903 4041; x_wconf 66' lang='lat' dir='ltr'><strong>pestis</strong></span> <span class='ocrx_word' id='word_1_293' title='bbox 1950 3960 2039 4023; x_wconf 90' lang='lat' dir='ltr'><strong>sic</strong></span> <span class='ocrx_word' id='word_1_294' title='bbox 2090 3978 2204 4043; x_wconf 88' lang='lat' dir='ltr'><strong>pro</strong></span> <span class='ocrx_word' id='word_1_295' title='bbox 2252 3958 2620 4025; x_wconf 88' lang='lat' dir='ltr'><strong>calamitate</strong></span> <span class='ocrx_word' id='word_1_296' title='bbox 2662 3960 2784 4025; x_wconf 90' lang='lat' dir='ltr'><strong>dici</strong></span> <span class='ocrx_word' id='word_1_297' title='bbox 2809 3964 3031 4047; x_wconf 86' lang='lat' dir='ltr'><strong>possit.</strong></span> 
     </span>
     <span class='ocr_line' id='line_1_34' title="bbox 638 4064 3035 4153; baseline -0.001 -22"><span class='ocrx_word' id='word_1_298' title='bbox 638 4066 867 4153; x_wconf 87' lang='lat' dir='ltr'><strong>Itaque</strong></span> <span class='ocrx_word' id='word_1_299' title='bbox 931 4067 1009 4133; x_wconf 89' lang='lat' dir='ltr'><strong>ad</strong></span> <span class='ocrx_word' id='word_1_300' title='bbox 1071 4065 1347 4151; x_wconf 86' lang='lat' dir='ltr'><strong>reliquas</strong></span> <span class='ocrx_word' id='word_1_301' title='bbox 1392 4086 1538 4131; x_wconf 87' lang='lat' dir='ltr'><strong>mea</strong></span> <span class='ocrx_word' id='word_1_302' title='bbox 1582 4084 1832 4150; x_wconf 90' lang='lat' dir='ltr'><strong>quoque</strong></span> <span class='ocrx_word' id='word_1_303' title='bbox 1879 4068 2237 4129; x_wconf 79' lang='lat' dir='ltr'><strong>coniectura</strong></span> <span class='ocrx_word' id='word_1_304' title='bbox 2283 4064 2569 4130; x_wconf 88' lang='lat' dir='ltr'><strong>accedat:</strong></span> <span class='ocrx_word' id='word_1_305' title='bbox 2629 4070 3035 4151; x_wconf 89' lang='lat' dir='ltr'><strong>„principum</strong></span> 
     </span>
     <span class='ocr_line' id='line_1_35' title="bbox 636 4168 3037 4256; baseline -0 -20"><span class='ocrx_word' id='word_1_306' title='bbox 636 4172 858 4238; x_wconf 86' lang='lat' dir='ltr'><strong>caedes</strong></span> <span class='ocrx_word' id='word_1_307' title='bbox 907 4171 1294 4250; x_wconf 83' lang='lat' dir='ltr'><strong>multorum,</strong></span> <span class='ocrx_word' id='word_1_308' title='bbox 1343 4178 1672 4256; x_wconf 85' lang='lat' dir='ltr'><strong>pestesque</strong></span> <span class='ocrx_word' id='word_1_309' title='bbox 1719 4190 1879 4253; x_wconf 87' lang='lat' dir='ltr'><strong>quae</strong></span> <span class='ocrx_word' id='word_1_310' title='bbox 1928 4168 2115 4254; x_wconf 88' lang='lat' dir='ltr'><strong>paulo</strong></span> <span class='ocrx_word' id='word_1_311' title='bbox 2164 4182 2304 4254; x_wconf 87' lang='lat' dir='ltr'><strong>post</strong></span> <span class='ocrx_word' id='word_1_312' title='bbox 2354 4176 2607 4235; x_wconf 88' lang='lat' dir='ltr'><strong>secutae</strong></span> <span class='ocrx_word' id='word_1_313' title='bbox 2634 4170 2850 4237; x_wconf 88' lang='lat' dir='ltr'><strong>sunt”.</strong></span> <span class='ocrx_word' id='word_1_314' title='bbox 2910 4174 3037 4248; x_wconf 72' lang='lat' dir='ltr'><strong>Quo</strong></span> 
     </span>
     <span class='ocr_line' id='line_1_36' title="bbox 633 4275 3035 4364; baseline -0.001 -20"><span class='ocrx_word' id='word_1_315' title='bbox 633 4280 872 4344; x_wconf 89' lang='lat' dir='ltr'><strong>excidit</strong></span> <span class='ocrx_word' id='word_1_316' title='bbox 930 4285 1076 4345; x_wconf 88' lang='lat' dir='ltr'><strong>ante</strong></span> <span class='ocrx_word' id='word_1_317' title='bbox 1137 4301 1320 4364; x_wconf 75' lang='lat' dir='ltr'><strong>quae,</strong></span> <span class='ocrx_word' id='word_1_318' title='bbox 1382 4278 1478 4342; x_wconf 75' lang='lat' dir='ltr'><strong>vel</strong></span> <span class='ocrx_word' id='word_1_319' title='bbox 1531 4298 1728 4340; x_wconf 79' lang='lat' dir='ltr'><strong>eorum</strong></span> <span class='ocrx_word' id='word_1_320' title='bbox 1782 4282 1879 4339; x_wconf 86' lang='lat' dir='ltr'><strong>est</strong></span> <span class='ocrx_word' id='word_1_321' title='bbox 1930 4278 2104 4341; x_wconf 87' lang='lat' dir='ltr'><strong>varia</strong></span> <span class='ocrx_word' id='word_1_322' title='bbox 2150 4275 2340 4341; x_wconf 86' lang='lat' dir='ltr'><strong>lectio</strong></span> <span class='ocrx_word' id='word_1_323' title='bbox 2390 4276 2469 4341; x_wconf 90' lang='lat' dir='ltr'><strong>ad</strong></span> <span class='ocrx_word' id='word_1_324' title='bbox 2505 4278 2860 4344; x_wconf 59' lang='lat' dir='ltr'><strong>‘multorum</strong></span> <span class='ocrx_word' id='word_1_325' title='bbox 2956 4278 3035 4341; x_wconf 90' lang='lat' dir='ltr'><strong>In</strong></span> 
     </span>
     <span class='ocr_line' id='line_1_37' title="bbox 630 4380 2139 4470; baseline -0.003 -21"><span class='ocrx_word' id='word_1_326' title='bbox 630 4387 923 4470; x_wconf 86' lang='lat' dir='ltr'><strong>margine</strong></span> <span class='ocrx_word' id='word_1_327' title='bbox 969 4384 1362 4469; x_wconf 85' lang='lat' dir='ltr'><strong>adscriptum</strong></span> <span class='ocrx_word' id='word_1_328' title='bbox 1414 4387 1586 4447; x_wconf 86' lang='lat' dir='ltr'><strong>erat:</strong></span> <span class='ocrx_word' id='word_1_329' title='bbox 1648 4380 1829 4465; x_wconf 77' lang='lat' dir='ltr'><strong>„velz</strong></span> <span class='ocrx_word' id='word_1_330' title='bbox 1879 4380 2139 4447; x_wconf 79' lang='lat' dir='ltr'><strong>eorum”.</strong></span> 
     </span>
    </p>
   </div>
  </div>
 </body>
</html>
