3414 5158
1390 357 1678 408 momus.
1740 363 1744 366 ·
2602 335 2735 409 219

340 521 608 586 Latonae
653 533 964 607 parentem
1029 523 1450 588 vetustissimos
1505 526 1739 588 insulae
1796 525 2091 601 cultorem,-
2138 547 2269 590 moa·
2319 527 2577 591 adventu
2622 527 2739 592 Ac-

337 628 596 713 scnlapii
642 635 832 694 artem
881 629 1154 693 medendi
1197 630 1452 693 inlatam
1499 634 1859 716 maximeque
1902 631 2062 696 inter
2095 623 2393 716 posteros
2417 633 2545 696 eius
2590 635 2740 698 cele·

340 739 496 798 brem
540 735 756 818 fuisse
776 785 794 819 ,
857 741 1094 800 nomina
1141 737 1510 816 sinqulorum
1556 737 1829 824 reserens
1870 742 1927 802 et
1970 738 2181 824 quibus
2224 739 2472 825 quisque
2526 744 2739 804 aetati-

339 841 444 905 bus
500 846 840 922 niqui-ssent.
901 841 1048 926 quin
1111 848 1286 907 etiam
1347 843 1506 907 dixit
1570 843 2005 928 Xenophontem
2024 894 2041 929 ,
2098 850 2265 908 cuius
2308 845 2567 910 scientia
2612 845 2739 930 ipse

339 953 632 1024 uteretur,
688 948 891 1012 eadem
925 947 1186 1035 familia
1235 955 1424 1013 ortum
1445 996 1462 1027 ,
1497 951 1894 1036 precibusque
1938 950 2069 1015 eius
2116 952 2377 1016 dandum
2395 999 2412 1029 ,
2462 959 2529 1017 ut
2575 950 2735 1018 omni

335 1054 556 1118 tributo
613 1054 789 1118 vacui
845 1056 912 1119 in
963 1062 1262 1138 posterum
1316 1056 1420 1119 Coi
1461 1079 1689 1120 sacram
1737 1065 1795 1122 et
1840 1063 2071 1121 tantam
2117 1058 2218 1122 dei
2263 1058 2599 1124 ministram
2643 1065 2737 1122 in-

337 1161 529 1224 sulam
579 1165 862 1225 colerent.
931 1183 1117 1246 neque
1164 1163 1406 1226 dubium
1451 1165 1702 1228 babetur
1750 1164 1941 1228 multa
1988 1165 2300 1229 eorundem
2346 1170 2411 1228 in
2444 1166 2735 1250 populum

341 1266 674 1331 Romanum
735 1267 948 1331 merita
1009 1268 1314 1354 sociasque
1367 1269 1650 1334 victorias
1701 1270 1969 1352 potuisse
2035 1271 2198 1334 tradi
2212 1297 2233 1336 .·
2273 1280 2359 1336 set
2413 1271 2700 1336 Claudius
2717 1318 2735 1351 ,

331 1372 653 1461 facilitate
697 1373 878 1437 solita
921 1374 1082 1458 qnod
1123 1375 1234 1438 nni
1279 1385 1670 1450 concesserat,
1722 1398 1763 1438 n
1780 1397 1821 1438 u
1837 1376 1941 1439 lli
1956 1399 1987 1441 s
2032 1377 2395 1442 extrinsecus
2434 1379 2737 1444 adiumen-

345 1483 425 1543 tis
472 1481 710 1543 velavit.

434 1584 697 1652 Invideo
745 1584 902 1652 viris
951 1584 1152 1652 doctis
1171 1632 1188 1664 ‚
1236 1587 1348 1672 qui
1399 1589 1721 1672 postrema
1768 1588 1963 1654 verba
2008 1587 2328 1674 explicare
2370 1594 2737 1675 potuerunt.

345 1690 436 1756 Ut
499 1711 631 1756 rem
693 1691 1029 1776 expediant
1074 1693 1356 1776 primum
1391 1691 1720 1780 facilitate
1764 1694 1833 1780 (i.
1882 1715 1937 1760 e.
1988 1697 2290 1761 comitate
2342 1701 2407 1762 et
2452 1697 2741 1784 benigni·

348 1798 506 1883 tate)
573 1799 750 1861 solita
800 1799 1197 1885 coniungunt
1246 1819 1390 1863 cum
1442 1808 1843 1877 concesserat,
1894 1803 1999 1866 cui
2048 1802 2479 1868 coniunctioni
2524 1809 2740 1868 tamen

344 1902 684 1969 verborum
743 1902 1072 1969 collocatio
1121 1904 1508 1971 adversatur.
1605 1905 1850 1971 Deinde
1898 1927 2151 1972 sensum
2203 1928 2338 1974 esse
2385 1907 2739 1974 affirmant:

348 2008 559 2094 „quod
605 2011 857 2095 privato
904 2009 1192 2095 impulsu
1239 2014 1302 2075 et
1347 2012 1539 2076 unius
1586 2011 2024 2098 Xenophontis
2072 2015 2281 2100 gratia
2322 2014 2559 2079 fecerat
2579 2061 2594 2092 ,
2637 2013 2742 2081 de-

345 2113 650 2201 dignatus
711 2119 808 2178 est
852 2116 946 2179 ita
990 2114 1204 2181 velare
1253 2121 1442 2201 atque
1490 2119 1929 2202 interpretari,
1983 2123 2287 2204 tanquam
2336 2117 2596 2204 publica
2642 2139 2738 2185 ra-

343 2222 516 2285 tione
573 2225 637 2284 et
701 2225 957 2305 propter
1014 2225 1246 2288 merita
1306 2219 1580 2288 Coorum
1646 2223 1961 2289 fecisset.''
2071 2225 2159 2289 At
2222 2245 2399 2300 vero,
2468 2229 2523 2291 si
2584 2227 2739 2292 baec

349 2327 788 2411 interpretatio
836 2347 986 2393 vera
1033 2333 1196 2393 esset
1242 2333 1306 2393 et
1350 2334 1521 2393 recta
1543 2376 1559 2406 ‚
1597 2328 1762 2393 illud
1804 2330 2201 2405 extrinsecus,
2243 2335 2572 2416 tamquam
2614 2353 2740 2398 vox

347 2433 589 2508 inanis,
633 2451 886 2516 prorsus
926 2432 1294 2498 abundaret.
1344 2434 1609 2500 Accedit
1649 2434 1816 2519 quod
1860 2432 2201 2512 Claudius,
2234 2441 2310 2500 ut
2342 2439 2743 2522 antiquitatis

347 2540 644 2603 notitiam
672 2541 1018 2604 ostentaret
1034 2588 1050 2613 ,
1076 2536 1514 2625 compluribus
1540 2543 1938 2627 argumentis
1962 2540 2339 2627 inutilibus,
2368 2562 2444 2607 ex
2468 2543 2736 2611 historia

345 2642 634 2709 fabulosa
681 2646 900 2729 petitis
923 2690 938 2719 ,
985 2644 1360 2711 relationem
1399 2645 1771 2711 defenderit.
1842 2646 1933 2711 Ut
1973 2651 2185 2711 autem
2216 2632 2407 2712 'locus
2448 2646 2560 2713 fiat
2603 2670 2743 2734 per-

353 2751 642 2834 spicuus,
711 2748 1055 2836 legendum
1121 2756 1277 2836 puto
1339 2758 1426 2815 set
1478 2752 1765 2815 Claudius
1803 2752 2121 2838 facilitate
2169 2753 2347 2816 solita
2368 2800 2383 2829 ,
2435 2755 2594 2839 quod
2636 2760 2746 2818 nni

347 2863 739 2932 concesserat,
809 2879 864 2919 m
880 2879 922 2919 n
940 2857 1004 2920 lt
1024 2857 1097 2919 is
1144 2857 1507 2921 extrinsecus
1554 2858 1916 2922 adiumentis
1970 2857 2193 2921 velavit
2212 2906 2230 2942 ,
2278 2859 2323 2921 i.
2350 2879 2405 2923 e.
2453 2858 2519 2923 id
2574 2859 2742 2945 quod

347 2964 539 3028 unius
599 2962 1034 3047 Xenophontis
1099 2964 1310 3051 gratia
1370 2964 1604 3029 fecerat
1622 3014 1640 3038 ‚
1693 2962 1920 3029 multis
1967 2966 2365 3051 argumentis
2404 2966 2639 3050 ineptis
2676 2969 2743 3031 et

347 3088 386 3133 a
447 3089 515 3134 re
578 3068 802 3135 alienis
864 3068 1142 3146 velavit3
1204 3068 1373 3155 quod
1435 3069 1658 3136 solitae
1722 3068 2007 3137 levitatis
2054 3075 2189 3135 erat
2236 3069 2693 3136 documentum
2718 3120 2735 3150 ,

347 3176 498 3259 quia
558 3174 881 3260 permulta
945 3182 1323 3262 argumenta
1385 3174 1575 3241 utilia
1637 3175 1853 3241 afferre
1914 3181 2162 3261 poterat
2212 3179 2289 3242 et
2336 3176 2613 3243 efficacia
2657 3178 2738 3244 ad

344 3280 718 3347 relationem
765 3282 1086 3347 tuendam.
1151 3280 1338 3347 Hanc
1376 3284 1445 3346 in
1468 3283 1656 3348 rebus
1679 3283 2082 3369 gravioribus
2107 3284 2453 3349 tractandis
2480 3282 2738 3351 Claudii

299 3378 304 3382 ¹
343 3387 676 3453 levitatem
745 3388 1104 3463 facilitatem
1150 3386 1494 3453 Suetonius
1542 3409 1793 3474 quoque
1838 3388 2004 3454 dixit
2050 3390 2117 3453 in
2166 3388 2297 3478 Vit.
2349 3388 2573 3457 Glaud.
2627 3390 2737 3456 29.

347 3481 774 3567 Extrinsecus,
817 3492 982 3578 quod
1021 3514 1332 3579 nusquam
1376 3496 1502 3559 nisi
1533 3492 1670 3559 h.1.
1699 3494 1867 3580 apud
1892 3492 2191 3560 Tacitum
2214 3494 2487 3582 legitur,
2514 3496 2736 3562 eadem

343 3596 808 3685 significatione
873 3604 1252 3683 usurpatum
1324 3606 1422 3665 est
1469 3620 1506 3665 a
1551 3596 1947 3682 Columella,
1997 3599 2043 3663 I.
2097 3598 2159 3664 6.
2216 3599 2333 3664 17:
2382 3601 2569 3685 haec,
2618 3604 2740 3667 etsi

344 3704 738 3770 extrinsecus
756 3754 770 3779 ,
821 3725 945 3769 non
992 3709 1206 3770 tamen
1255 3707 1709 3792 intempestive
1755 3704 1973 3772 videor
2020 3705 2137 3770 hoc
2184 3703 2322 3771 loco
2367 3706 2712 3773 rettulisse.

435 3913 632 3978 XIII.
687 3912 772 3978 39
835 3925 968 3979 orta
1014 3917 1258 3998 fidncia
1318 3924 1496 4000 caput
1549 3918 1750 3997 qentis
1810 3917 2113 3982 Artas-ata
2173 3918 2582 3999 adqrediendi.
2631 3941 2737 3983 nec

347 4028 538 4082 tamen
574 4020 848 4102 proximo
895 4020 1113 4085 itinere
1157 4023 1371 4085 ductae
1416 4022 1705 4106 leqiones,
1752 4045 1906 4107 quae
1951 4023 2007 4085 si
2046 4045 2273 4088 amnem
2310 4028 2557 4088 Araxen
2576 4074 2591 4100 ,
2630 4030 2737 4109 qui

342 4124 573 4189 moenia
631 4126 828 4189 adluit
847 4172 862 4202 ‚
924 4133 1102 4208 ponte
1149 4128 1725 4212 transqrederentnr,
1772 4132 1880 4192 sub
1926 4134 2105 4193 ictum
2151 4129 2451 4219 dabantur
2464 4156 2484 4195 .·
2524 4132 2738 4214 procul

341 4237 398 4295 et
444 4232 897 4296 latioribus
941 4231 1116 4296 vadis
1163 4237 1476 4297 transiere.

429 4336 681 4423 Imm0‚
731 4338 980 4422 opinor,
1034 4338 1508 4403 tutioribus.
