3414 5158
660 348 796 414 404
1740 362 1981 414 mosao.

665 531 832 596 actio
890 529 1280 615 possidendi:
1343 529 1674 596 deterrimi
1735 528 2029 594 homines
2074 527 2397 616 possident
2440 547 2627 614 saepe
2672 527 2937 596 divitias
2984 535 3051 596 et

663 641 994 722 propterea
1035 634 1189 702 illae
1235 641 1384 701 sunt
1429 637 1646 702 minus
1690 633 2035 721 optabiles3
2080 633 2247 700 nihil
2284 635 2601 702 attinebat
2620 635 2827 702 dicere
2848 655 3044 721 quan·

661 748 808 809 tum
872 741 1264 828 possideant3
1326 747 1573 828 poterat
1633 741 1783 807 addi
1850 761 1975 827 quo
2036 741 2258 818 modo;
2320 760 2710 828 quamquam
2752 741 2873 808 hoc
2917 763 3044 810 non

663 868 916 915 necesse
973 854 1148 914 erat:
1197 848 1444 914 fructus
1483 851 1582 914 est
1625 847 1790 914 levis
1806 896 1826 933 ,
1873 867 2027 913 usus
2076 850 2353 936 exiguus
2369 895 2386 926 ,
2438 847 2801 916 dominatus
2843 851 3041 916 incer-

661 960 804 1038 tus,
853 955 1147 1038 possessio
1207 977 1382 1039 saepo
1424 959 1676 1020 iniusta.
1766 953 1893 1020 Pro
1936 952 2057 1020 hoc
2098 955 2351 1040 posuit:
2398 975 2561 1040 poss.
2612 975 2798 1041 saepe
2843 953 3044 1022 deter-

659 1061 972 1128 rimorum
1004 1045 1372 1128 'hominum
1393 1108 1411 1138 ,
1473 1058 1641 1147 quod
1686 1059 1909 1127 eodem
1955 1059 2143 1126 redit.
2236 1059 2705 1146 Interpolatum
2753 1068 2851 1128 est
2896 1082 3047 1128 oum

660 1167 984 1232 mmmm
1037 1187 1115 1232 ex
1159 1168 1470 1252 proximis
1508 1167 1939 1252 superioribus
1983 1167 2054 1231 in
2098 1168 2407 1234 memoria
2452 1166 2756 1234 haereret.
2850 1165 3049 1234 Simi-

666 1272 815 1338 liter
859 1272 1104 1340 factum
1151 1292 1342 1359 supra
1387 1271 1478 1338 22
1525 1275 1754 1356 (coelo).

754 1378 978 1445 Minus
1033 1383 1206 1447 certa
1254 1385 1352 1445 est
1395 1377 1807 1464 interpolatio
1848 1379 1886 1464 ς
1930 1376 2019 1444 28
2065 1381 2368 1464 quoniam
2412 1377 2684 1467 vulgata
2718 1378 2911 1452 lectio
2934 1400 3045 1448 ex-

661 1477 888 1572 plicari
935 1505 1084 1552 sane
1126 1489 1370 1572 potest:
1424 1487 1578 1571 „qui
1621 1483 1801 1552 nullo
1846 1485 2085 1551 arbitro
2128 1484 2235 1552 vel
2278 1505 2495 1552 secum
2540 1487 2667 1572 ipsi
2701 1485 3045 1572 loquantur

661 1590 768 1659 vel
813 1594 997 1677 quasi
1043 1592 1558 1658 doctissimorum
1599 1591 1939 1670 hominum
1970 1592 2041 1656 in
2078 1591 2345 1658 concilio
2382 1592 2595 1659 adsint
2611 1638 2629 1671 ,
2650 1612 2797 1658 cum
2824 1612 3045 1660 eorum

663 1700 940 1765 inventis
1003 1697 1380 1784 scriptisque
1425 1718 1494 1764 se
1539 1695 1919 1764 oblectent’'.
2011 1697 2114 1763 Ad
2156 1700 2653 1786 grammaticam
2700 1703 2871 1766 recte
2916 1698 3047 1766 col-

661 1801 911 1871 locatur
945 1806 1308 1870 coniunctio
1345 1826 1476 1868 oum
1493 1852 1512 1889 ,
1551 1802 1662 1870 sed
1699 1803 1909 1870 multo
1952 1803 2217 1872 melius:
2266 1804 2450 1887 „vel‚
2474 1806 2657 1890 quasi
2683 1841 2771 1854 —
2796 1805 3036 1884 adsint,

660 1929 882 1977 eorum
927 1912 1206 1978 inventis
1253 1912 1630 1996 scriptisque
1675 1931 1745 1976 se
1788 1908 2161 1977 oblectent''.
2256 1909 2353 1976 De
2392 1911 2794 1996 interpolatis
2834 1911 3047 1978 verbis

657 2018 732 2081 do
772 2039 893 2103 qua
937 2020 1102 2084 modo
1147 2019 1453 2082 dicebatur
1498 2016 1713 2103 (paulo
1760 2019 1929 2101 ante)
1979 2037 2200 2084 omnes
2248 2018 2437 2084 hodie
2482 2019 2899 2085 consentiunt.

752 2121 988 2190 Contra
1032 2123 1068 2208 ς
1115 2121 1201 2188 29
1248 2123 1490 2188 factum
1537 2127 1635 2188 est
1679 2127 1755 2187 ut
1802 2121 2047 2208 aliquid
2084 2125 2511 2190 omitteretur.
2600 2123 2791 2192 Plato
2830 2126 2897 2190 in
2936 2125 3044 2189 dc-

663 2235 883 2292 sertum
942 2227 1101 2294 litus
1163 2229 1403 2294 eiectus
1463 2228 1918 2294 animadvertit
1978 2232 2397 2317 geometricas
2458 2230 2697 2296 formas
2742 2232 2809 2298 in
2856 2249 3047 2297 arena

663 2334 1008 2420 descriptas
1025 2381 1041 2411 ,
1111 2355 1310 2421 „quas
1354 2340 1432 2400 ut
1475 2335 1741 2402 vidisset
1786 2333 2240 2403 exclamavisse
2286 2336 2560 2422 (dicunt)
2604 2341 2683 2402 ut
2722 2337 3043 2422 (comites)

665 2442 827 2508 bono
896 2446 1103 2507 essent
1173 2443 1420 2527 anim03
1491 2440 1710 2508 videre
1768 2443 1944 2510 enim
2006 2463 2073 2508 se
2133 2441 2471 2509 hominum
2520 2443 2831 2530 vestig-ia,
2879 2461 3045 2527 quae

663 2546 964 2615 videlicet
1025 2546 1141 2615 ille
1198 2567 1324 2615 non
1383 2569 1462 2615 ex
1519 2549 1662 2636 agri
1724 2548 2074 2627 consituta,
2138 2569 2331 2635 quam
2394 2549 2723 2628 cernebat,
2788 2547 2899 2615 sed
2960 2567 3044 2615 ex

662 2654 984 2721 doctrinae
1047 2653 1302 2721 indiciis
1359 2654 1949 2740 interpretabatnr’'.
2052 2653 2405 2721 Videbatne
2454 2656 2663 2743 igitur
2708 2657 2851 2744 agri
2894 2674 3043 2721 con-

661 2762 930 2827 situram
1000 2763 1069 2826 in
1140 2761 1386 2829 deserto
1447 2758 1678 2827 litore?
1747 2761 2159 2849 Legendumt
2232 2780 2469 2849 „quam
2515 2782 2642 2829 non
2688 2761 3042 2829 cernebat”.

662 2865 928 2941 Quoties
993 2889 1112 2932 uon
1179 2866 1486 2933 omissum
1559 2868 1678 2944 sit,
1750 2865 1917 2933 nihil
1987 2872 2271 2953 repetere
2320 2870 2567 2934 attinet.
2662 2866 2797 2933 Sub
2850 2866 3042 2934 finem

658 2970 966 3060 legerim:
1034 2993 1328 3059 „semper
1373 2972 1538 3038 mihi
1583 2977 1648 3039 et
1682 2972 1985 3039 doctrina
2032 2974 2154 3060 [et]
2201 2974 2438 3040 eruditi
2481 2974 2773 3041 homines
2818 2977 2887 3041 et
2930 2980 3043 3040 tua

658 3080 786 3144 ista
830 3079 1044 3147 studia
1086 3077 1524 3167 placuerunt’'.

1588 3326 2127 3419 (Continuabs'tur).

2102 3580 2177 3652 O.
2220 3580 2315 3652 M.
2364 3580 2853 3653 FRANOKEN.
