3414 5158
1361 402 1763 453 monorus.
2677 381 2762 448 99

373 574 544 638 oinia
605 590 739 655 cap.
809 567 978 634 116:
1047 566 1348 633 ἐπείθοντο
1397 566 1502 633 καὶ
1552 570 1765 633 ταῦτα
1813 570 1864 632 οἱ
1915 566 2224 643 νεηνίσκοι.
2276 567 2385 632 sed
2429 566 2767 652 utrobique

375 679 648 743 aoristus
691 674 1122 742 restituendus
1167 679 1264 740 est
1311 675 1588 739 ε’πΙθοντο
1631 678 1843 739 ταῦτα
1861 721 1878 753 ,
1932 680 1997 739 et
2044 672 2323 738 έπΙθοντο
2373 672 2477 738 καὶ
2532 676 2767 738 ταῦτα.

469 888 583 956 IV.
639 888 804 955 118:
877 888 1065 955 οὔκων
1112 888 1398 964 ποιήσετε
1445 892 1656 953 ταῦτα
1706 890 1884 967 ἡμεῖς
1933 888 2047 966 μὲν
2096 884 2435 967 πιεζόμενοι
2485 886 2770 963 ἐκλείψο-

386 1020 503 1075 μεν
547 997 656 1073 τὴν
702 995 924 1076 χώρην.

466 1102 708 1169 Eadem
756 1104 1058 1169 orationis
1103 1102 1308 1167 forma
1353 1100 1596 1189 legitur
1641 1100 1692 1167 Ῑ.
1744 1099 1913 1166 206:
1964 1100 2149 1166 οὔκων
2199 1101 2505 1176 ἐθελήσεις
2554 1098 2772 1174 ὑποθή-

377 1233 512 1292 κῃσι
561 1210 768 1291 τῇσιδε
814 1210 1089 1291 χρᾶσθαι
1117 1244 1204 1257 --
1232 1207 1307 1273 σὺ
1357 1207 1418 1273 δὲ
1449 1244 1531 1257 -
1561 1206 1849 1279 διάβαινε
1898 1208 1957 1282 ές
2007 1208 2116 1283 τὴν
2166 1208 2483 1288 ἡμετέρην.
2525 1206 2599 1273 V.
2644 1205 2765 1272 92:

379 1315 564 1382 οὔκων
613 1314 926 1381 παύσεσθε
955 1353 1036 1365 --
1065 1314 1158 1385 ίςε
1209 1315 1352 1393 ὑμῖν
1399 1314 1729 1394 Κορινθίους
1779 1339 1861 1393 γε
1909 1316 1975 1377 οὗ
2018 1315 2465 1386 συναινέοντας.
2512 1312 2651 1379 VII.
2688 1313 2767 1377 10

381 1422 568 1488 οὔκων
611 1422 934 1505 ὦμφοτέρη
980 1428 1098 1502 σφι
1145 1419 1440 1502 ἐχώρησε.
1487 1418 1740 1485 Horum
1790 1422 2081 1485 omnium
2121 1425 2292 1485 certa
2330 1426 2395 1485 et
2436 1421 2769 1504 perspicua

384 1530 698 1594 sententia
746 1533 865 1594 est.
911 1527 1171 1594 Poterat
1217 1526 1458 1592 dicere:
1508 1525 1578 1601 ἢν
1625 1526 1715 1602 μὴ
1764 1524 2055 1599 ποιήσητε
2101 1528 2349 1604 ταῦτα,
2400 1524 2470 1599 ἢν
2517 1525 2606 1602 μὴ
2652 1523 2771 1588 ἐθέ-

388 1647 494 1715 λῃς
543 1634 844 1715 χρᾶσθαι,
895 1634 964 1709 ἣν
1010 1635 1098 1711 μὴ
1148 1631 1504 1717 παύσησθε,
1554 1633 1623 1707 ἢν
1669 1632 1758 1708 μη
1803 1630 2129 1713 ἀμφοτέρῃ
2176 1637 2294 1711 σφι
2335 1632 2618 1712 χωρήσῃ,
2665 1630 2772 1695 sed

389 1740 598 1807 multo
645 1743 995 1808 animosius
1042 1745 1107 1806 et
1151 1742 1361 1806 acrius
1407 1744 1503 1805 est
1549 1739 1719 1825 quod
1766 1739 2001 1805 maluit
2050 1737 2275 1804 dicere.

469 1969 580 2037 IV.
635 1968 799 2035 119:
849 1970 918 2045 ἢν
962 1968 1168 2048 μέντοι
1217 1968 1359 2051 έπίη
1409 1968 1516 2033 καὶ
1567 1968 1668 2033 ἐπὶ
1722 1969 1831 2043 τὴν
1880 1966 2177 2049 ἡμετέρην
2217 1964 2369 2051 ἄρξῃ
2409 1991 2479 2032 τε
2521 1966 2774 2033 ἀδικέων

380 2076 483 2143 καὶ
553 2080 728 2155 ἡμεῖς
792 2077 859 2142 οὔ
920 2076 1342 2161 ΠΕΙσόμεθα,
1404 2072 1592 2157 μέχρι
1662 2076 1727 2140 δὲ
1788 2078 1966 2140 τοῦτο
2014 2074 2237 2154 ἴδωμεν
2282 2074 2577 2153 μενέομεν
2626 2075 2774 2154 παρ’

381 2184 526 2262 ἡμῖν
573 2184 837 2248 αὐτοῖσι.

471 2288 696 2376 Longa
733 2288 868 2355 dies
909 2287 1312 2357 confirmavit
1351 2288 1517 2353 mihi
1556 2293 1838 2354 veterem
1879 2290 2263 2353 sententiam
2307 2286 2771 2353 emendandam

386 2414 546 2461 esse:
615 2395 681 2461 οὐ
730 2395 1281 2474 ΠΕΡΙΟΨόμεθα,
1337 2394 1500 2479 quod
1550 2394 1722 2479 apud
1769 2391 1949 2458 Stein
1996 2394 2181 2460 video
2230 2392 2472 2459 dudum
2523 2415 2562 2460 a
2608 2393 2775 2459 Bek-

383 2500 540 2565 kero
595 2519 728 2565 esse
775 2505 1174 2586 occupatum.
1221 2499 1367 2565 Non
1415 2502 1512 2564 est
1558 2497 1734 2563 aliud
1781 2499 2048 2565 verbum
2099 2519 2292 2584 quam
2340 2486 2406 2563 οὐ
2454 2504 2771 2579 περιορᾶν,

389 2629 508 2671 non
563 2606 738 2690 pati,
812 2606 982 2691 quod
1043 2627 1192 2672 cum
1257 2609 1474 2691 aperta
1535 2606 1879 2671 verborum
1942 2607 2255 2670 sententia
2319 2611 2664 2692 congruat,
2715 2611 2778 2671 et

390 2713 544 2799 quid
608 2713 827 2778 tritius
889 2716 984 2777 est
1041 2733 1232 2798 quam
1280 2713 1347 2776 οὖ
1395 2709 1811 2792 περιόψομαι,
1865 2733 1983 2775 non
2014 2708 2273 2794 patiar?
2318 2711 2633 2777 Putidum
2684 2716 2781 2776 est

388 2815 600 2884 multa
644 2818 938 2906 exempla
983 2821 1120 2885 noti
1168 2839 1320 2884 usus
1366 2838 1735 2905 congerere:
1784 2837 1950 2882 unus
1997 2815 2395 2904 Thucydidis
2435 2817 2612 2884 locus
2651 2819 2783 2884 suf-

390 2924 558 2992 ficiat
611 2925 644 2990 1
693 2923 818 2990 53:
867 2925 920 2990 εἰ
969 2924 1032 2989 δὲ
1081 2925 1184 2991 ἐπί
1248 2923 1552 3006 Κέρκυραν
1614 2923 2011 3002 πλευσεῖσθε,
2096 2961 2165 2972 -
2230 2927 2296 2990 οὐ
2360 2921 2779 3005 περιοψόμεθα

388 3031 557 3096 κατὰ
608 3031 676 3095 τὸ
722 3030 998 3096 δυνατόν.
1050 3029 1228 3106 Quae
1268 3029 1382 3097 alii
1421 3032 1828 3097 coniecerunt
1867 3027 2235 3108 έποισόμεθα
2277 3029 2383 3097 vel
2409 3028 2780 3107 έπεισόμεθα

386 3158 466 3203 ne
513 3134 758 3204 Graeca
804 3137 1064 3223 quidem
1112 3143 1262 3202 sunt
1285 3186 1304 3223 ,
1351 3143 1416 3202 et
1463 3137 1842 3213 ἀπωσόμεθα
1892 3139 1985 3202 rei
2030 3157 2155 3202 non
2197 3139 2511 3204 convenit.
2560 3137 2781 3224 Neque

389 3249 486 3309 est
553 3264 793 3331 magna
862 3246 1166 3320 mutati03
1237 3243 1533 3329 perfacile
1595 3236 1931 3324 v'mpdmooe
1992 3245 2059 3307 in
2106 3242 2445 3323 πεισόμεθα
2497 3245 2781 3310 converti

390 3351 620 3437 potuit.

483 3561 596 3628 IV.
649 3560 809 3630 122:
865 3563 918 3627 οί
967 3560 1196 3642 Πέρσαι
1247 3560 1483 3628 ἐδίωκον
1529 3563 1673 3644 πρὸς
1726 3567 1807 3638 ἣῶ
1856 3587 1926 3627 τε
1974 3563 2079 3628 καὶ
2131 3571 2309 3627 ΤΟΤ
2360 3560 2690 3634 Τανοῒιδος.

485 3667 880 3736 Felicissime
926 3666 1107 3735 Stein
1155 3669 1555 3736 emendavit:
1599 3669 1701 3733 καὶ
1748 3671 1917 3734 ἸΘΤ
1971 3668 2116 3754 (ἰθὺ)
2161 3667 2499 3740 Τανάϊδος.
2550 3669 2629 3734 cf.
2669 3667 2779 3734 IV.

402 3775 563 3843 120:
630 3775 722 3840 ἰθὺ
785 3777 1101 3848 Τανάϊδος
1167 3781 1470 3856 ποταμοῦ.
1539 3775 1662 3841 IV.
1716 3773 1879 3838 136:
1930 3774 2166 3839 ἐδίωκον
2213 3773 2354 3847 τοὺς
2402 3773 2643 3855 Πέρσας
2693 3773 2785 3838 ἰθὺ

397 3887 503 3948 τοῦ
543 3885 783 3962 Ἴςρου,
833 3887 898 3948 et
945 3884 1037 3948 sic
1083 3885 1344 3969 passim.

486 3987 985 4072 Nonnumquam
1049 4008 1162 4074 pro
1230 3986 1322 4053 ἰθύ
1388 3985 1638 4052 videbis
1684 3987 1994 4072 scriptum
2044 4006 2182 4052 esse
2227 3986 2367 4052 εὐθύ
2417 3991 2528 4052 aut
2576 3984 2748 4058 εὐθύς
2770 4032 2785 4063 ,

396 4092 707 4159 mendum
752 4097 848 4159 est
895 4092 1328 4159 manifestum.

489 4289 607 4358 IV.
681 4288 846 4355 125:
920 4289 1024 4355 καὶ
1100 4291 1167 4354 οὖ
1231 4289 1358 4369 γὰρ
1419 4289 1574 4355 οξνίει
1638 4291 1817 4357 ἐπιὼν
1875 4291 1903 4355 ό
1968 4291 2365 4370 Δαρεῖος,ὀ1
2416 4288 2653 4355 Σκύθαι
2703 4326 2789 4338 -

399 4396 784 4481 ὑπέφευγον.

491 4503 570 4568 In
623 4501 740 4568 AB
788 4505 886 4569 est
933 4502 1161 4568 dulce.
1231 4501 1395 4584 Quia
1441 4502 1821 4590 ignorabant
1867 4501 2221 4590 magistelli
2269 4503 2615 4588 praesentis
2661 4499 2791 4566 for-
