3414 5158
1376 369 1739 425 mamm.
2666 356 2757 428 26

363 555 658 604 sermone
713 534 1052 622 conscripsi
1115 535 1196 602 ad
1253 533 1600 606 Schmidtii
1664 535 1909 604 librum
1970 539 2554 610 commendandum
2573 591 2592 621 ,
2641 556 2757 631 per

365 645 466 722 tot
525 661 836 708 annorum
896 641 1182 728 spatium
1242 661 1441 729 quum
1501 641 1773 710 aliarum
1830 663 2045 714 rerum
2090 649 2445 734 satagerem
2468 697 2489 732 ,
2536 653 2753 718 tamen

365 745 720 815 identidem
779 745 862 813 ad
921 747 1277 816 Pindarum
1322 768 1642 818 recurrere
1684 748 1971 818 solebam
1988 798 2005 830 ‚
2052 771 2405 838 numquam
2454 755 2591 820 sine
2636 755 2755 824 ali·

367 847 494 940 qno
537 853 772 920 fructu.
818 852 1107 922 Tandem
1153 840 1636 924 adnotationum
1683 876 1977 925 mearum
2022 858 2411 947 farraginem
2456 866 2751 928 excutere

363 962 582 1047 coepi,
643 960 933 1030 adhibita
989 965 1315 1049 postrema
1371 960 1641 1050 Bergkii
1702 961 2012 1048 editione,
2061 984 2225 1050 quae
2274 969 2514 1050 quanto
2562 985 2751 1052 opere

365 1067 644 1138 ornatior
682 1071 747 1134 et
784 1067 1176 1137 emendatior
1212 1068 1299 1134 sit
1337 1087 1533 1154 quam
1569 1069 1782 1154 prima
1818 1068 2017 1138 editio
2048 1119 2065 1148 ‚
2094 1089 2221 1156 qua
2242 1070 2572 1159 hucusque
2596 1093 2755 1141 usus

363 1173 611 1240 fueram
629 1221 650 1259 ,
703 1171 962 1240 difficile
997 1177 1095 1240 est
1131 1172 1374 1259 dicere;
1413 1178 1670 1242 tantum
1714 1175 1887 1242 enim
1927 1177 2193 1242 interest
2230 1181 2545 1263 qnantum
2588 1180 2757 1246 inter

361 1279 683 1348 bellulum
727 1299 1000 1366 puerum
1046 1284 1112 1347 et
1156 1279 1455 1348 adultum
1508 1282 1744 1348 virum.
1791 1279 1965 1348 Mihi
2011 1287 2227 1349 autem
2254 1287 2435 1350 tunc
2484 1285 2718 1366 accidit
2738 1334 2757 1371 ,

364 1386 533 1473 quod
577 1386 709 1453 fere
751 1387 820 1452 in
861 1385 981 1454 tali
1025 1387 1288 1475 negotio
1332 1385 1515 1454 solet.
1589 1386 1665 1454 In
1709 1385 2033 1454 nonnullis
2079 1389 2438 1455 uberiorem
2483 1387 2754 1478 Bergkii

364 1493 722 1562 doctrinam
764 1491 992 1560 lubens
1034 1492 1270 1581 agnovi
1315 1497 1382 1560 et
1423 1491 1717 1560 intellexi
1764 1513 1873 1559 me
1919 1492 2165 1561 idoneis
2210 1495 2513 1562 subsidiis
2561 1495 2753 1564 desti-

367 1602 587 1666 tutum
641 1597 873 1677 fuisse;
943 1596 1106 1664 aliae
1161 1601 1341 1664 erant
1402 1599 1871 1666 observationes
1932 1604 1996 1664 et
2042 1600 2511 1668 emendationes
2528 1648 2547 1680 ‚
2594 1621 2757 1688 quae

368 1704 538 1770 mihi
582 1706 867 1770 maxime
908 1703 1314 1790 placuerant,
1360 1724 1512 1771 nam
1558 1706 1798 1772 veritas
1840 1706 2205 1773 incurrebat
2247 1709 2317 1774 in
2367 1707 2585 1775 oculos
2597 1728 2615 1787 3
2658 1729 2761 1776 ea·

367 1829 516 1876 rum
582 1828 888 1897 magnam
957 1814 1210 1896 partem
1267 1815 1665 1896 praereptam
1730 1811 1895 1878 mihi
1958 1811 2097 1878 vidi
2110 1859 2128 1890 ,
2190 1832 2343 1880 nam
2390 1814 2560 1900 quod
2607 1819 2757 1882 ante

363 1915 556 2002 pedes
622 1920 722 1981 est
785 1916 1070 2002 positum
1087 1961 1104 1990 .
1176 1915 1394 1982 doctos
1458 1918 1835 2003 interpretes
1896 1917 2011 1984 diu
2072 1916 2271 1986 latere
2330 1939 2456 1985 non
2516 1921 2751 2004 potuit.

363 2020 612 2088 Verum
680 2020 801 2088 hoc
869 2025 1087 2106 ipsum
1148 2020 1585 2089 audentiorem
1657 2042 1762 2089 me
1828 2023 2111 2090 reddidit
2125 2072 2143 2104 ‚
2210 2029 2286 2092 ut
2345 2027 2414 2092 in
2460 2025 2751 2092 medium

361 2127 708 2215 proferrem
773 2125 1038 2194 selectas
1103 2126 1490 2213 suspiciones
1548 2129 1719 2196 inter
1773 2128 2118 2218 legendum
2184 2131 2351 2198 mihi
2412 2133 2716 2200 subnatas
2733 2182 2755 2218 ,

364 2255 526 2321 quae
589 2240 706 2300 aut
765 2235 922 2300 satis
979 2239 1185 2302 certae
1229 2255 1366 2301 esse
1404 2235 1776 2302 viderentur
1793 2282 1809 2312 ,
1859 2242 1975 2303 aut
2016 2243 2189 2304 certe
2236 2241 2508 2306 minime
2549 2241 2753 2306 incer-

362 2342 555 2408 tiores
615 2342 698 2406 iis
712 2387 731 2424 ,
777 2360 935 2426 quas
978 2340 1309 2427 hucusque
1353 2341 1706 2412 editoribus
1752 2343 2047 2428 probatas
2094 2363 2231 2410 esse
2278 2348 2577 2432 comperi.
2671 2346 2752 2414 In

367 2466 492 2533 qua
557 2468 627 2513 re
672 2448 728 2524 ei
771 2446 1036 2513 modum
1085 2449 1427 2514 excessisse
1472 2448 1737 2515 videbor
1754 2497 1771 2522 ‚
1821 2452 2014 2516 nocui
2061 2450 2225 2516 mihi
2272 2453 2401 2536 ipsi
2447 2472 2753 2539 meaeque

362 2553 858 2628 existimationi,
905 2551 1184 2618 Pindaro
1228 2549 1396 2617 nihil
1441 2555 1670 2637 nocui,
1719 2574 1870 2620 nam
1919 2558 1987 2621 in
2034 2576 2100 2620 re
2150 2558 2370 2623 critica
2407 2557 2574 2642 quod
2614 2559 2751 2627 vita

361 2663 428 2725 et
472 2658 616 2725 luce
659 2657 1004 2746 indignum
1051 2661 1146 2724 eet
1163 2706 1182 2741 ‚
1231 2658 1360 2723 cito
1403 2660 1570 2744 perit
1613 2664 1680 2723 et
1721 2661 1791 2725 in
1838 2657 2227 2727 oblivionem
2274 2662 2429 2727 abit.

449 2763 694 2850 Sequar
737 2765 1094 2829 carminum
1141 2763 1429 2830 ordinem
1476 2769 1542 2830 et
1586 2766 1809 2831 statim
1848 2765 1917 2829 in
1955 2768 2167 2851 primo
2191 2786 2413 2835 versus
2435 2770 2751 2854 septimus

363 2869 688 2937 offensioni
733 2876 866 2937 est=

452 2976 675 3055 μηκέτ’
722 2975 934 3044 ἀελίου
977 2974 1190 3041 σκόπει
1960 3044 1965 3049 ,

452 3080 616 3151 ἄλλο
664 3082 1068 3162 θαλπνότερον
1114 3084 1176 3147 ἐν
1223 3082 1428 3169 ἁμέρα
1471 3084 1735 3162 Φαεννὸν
1782 3080 1963 3165 ἅςρον
2009 3086 2239 3164 ἐρήμας
2289 3085 2365 3155 δι’
2402 3084 2656 3172 αἰθέρος,
2754 3127 2757 3129 v

451 3188 602 3267 μηδ’
652 3192 1018 3269 Ὀλυμπίας
1065 3192 1287 3267 ἀγῶνα
1332 3188 1617 3270 Φέρτερον
1665 3189 2176 3269 αὐδάσομεν.

359 3294 484 3365 Hie
545 3299 710 3363 tanti
757 3297 1020 3364 fortasse
1065 3316 1190 3363 non
1236 3296 1496 3363 fecerim
1543 3295 1701 3363 alibi
1748 3296 2096 3363 Pindarum
2118 3345 2135 3375 ‚
2186 3296 2448 3385 Olymp.
2498 3298 2569 3364 H
2618 3299 2707 3365 92
2726 3348 2744 3379 ,

359 3401 639 3467 mediam
709 3402 979 3468 formam
1047 3402 1401 3479 αὐδάσομαι
1453 3422 1757 3489 usurpare
1775 3450 1794 3480 ,
1844 3421 1993 3471 nam
2046 3402 2215 3490 quod
2259 3401 2569 3471 Codicum
2616 3406 2747 3472 lec-

357 3509 559 3573 tiones
619 3514 898 3594 arguunt
959 3512 1024 3573 et
1071 3527 1183 3594 per
1227 3529 1294 3575 se
1339 3512 1550 3595 ipsum
1599 3512 1757 3575 satis
1800 3508 2195 3597 intelligitur
2211 3556 2228 3588 ‚
2274 3510 2631 3588 αὐδάσομεν
2681 3517 2747 3579 et

305 3690 310 3697 ‚
358 3610 710 3690 αὐδάσομαι
773 3613 958 3680 facile
1018 3619 1361 3700 potuerunt
1420 3614 1741 3682 confundi.
1834 3614 1960 3681 Sed
2024 3613 2236 3682 multo
2296 3618 2559 3704 gravius
2606 3623 2701 3683 est
2722 3667 2740 3694 ,

355 3718 523 3803 quod
583 3718 844 3789 soloece.
888 3741 1036 3785 cum
1101 3720 1320 3788 futuro
1378 3721 1713 3787 indicativi
1774 3719 1952 3786 modi
2013 3722 2308 3807 iungitur
2370 3721 2747 3790 adverbium

351 3822 532 3902 μηδέ.
591 3825 780 3894 Nunc
827 3826 991 3891 mihi
1039 3847 1187 3892 cum
1237 3826 1664 3892 Herwerdeno
1710 3846 1810 3890 res
1856 3830 1981 3908 est,
2034 3825 2144 3910 qui
2191 3831 2334 3910 post
2382 3824 2541 3892 alios
2588 3830 2745 3893 acri-

351 3934 448 3995 ter
504 3931 830 3999 contendit
897 3930 1255 4010 αὐδάσομεν
1305 3931 1783 3999 coniunctivum
1831 3949 1997 4007 esse,
2048 3950 2197 3996 cum
2244 3930 2557 3997 Pindarus
2610 3930 2745 4000 Ho-

347 4036 588 4101 merico
633 4055 828 4102 more-
849 4037 1171 4103 interdum
1222 4038 1612 4103 coniunctivi
1657 4035 1943 4103 vocalem
1992 4038 2305 4123 corripere
2351 4035 2567 4105 soleat.
2618 4040 2744 4105 Per

349 4160 418 4206 se
475 4145 834 4227 spectatum
897 4145 1204 4209 aoristum
1269 4142 1456 4209 facile
1518 4143 1715 4209 feram
1740 4191 1757 4226 ,
1821 4164 1968 4210 nam
2028 4142 2217 4228 plane
2283 4143 2504 4210 eodem
2553 4145 2743 4212 modo

347 4246 608 4314 invenio
666 4245 897 4311 Isthm.
943 4245 1074 4313 VII
1133 4246 1214 4313 8:
1278 4248 1430 4327 μήτ’
1487 4248 1549 4312 ἐν
1597 4247 1863 4333 ὀρφανία
1909 4248 2195 4327 πέσωμεν
2242 4249 2525 4329 ςεΦάνων
2570 4252 2735 4329 μήτε

347 4351 548 4419 κάδεα
611 4351 906 4431 θεράπευε
925 4400 964 4435 „
1009 4352 1118 4421 sed
1183 4359 1258 4419 ut
1307 4354 1556 4421 credam
1607 4354 1962 4433 αὐδάσομεν
2013 4354 2182 4441 apud
2228 4354 2581 4423 Pindarum
2630 4380 2743 4443 pro

343 4454 712 4535 αὖδῶσωμεν
775 4464 942 4527 stare
989 4478 1200 4547 posse,
1249 4457 1452 4528 firmis
1500 4466 1564 4526 et
1613 4460 1995 4529 indubitatis
2036 4459 2347 4548 exemplis
2391 4481 2551 4550 opus
2598 4466 2739 4531 erit.
