3414 5158
653 342 790 411 284
1736 360 1979 412 crosae.

741 527 944 595 Paulo
1008 529 1268 595 maioris
1329 528 1642 595 momenti
1703 530 1990 613 quaestio
2050 533 2147 595 est
2210 528 2289 595 de
2353 530 2844 595 correctionibus
2906 527 3041 595 MS.

647 635 932 720 Antiqua
979 637 1152 701 enim
1200 655 1429 701 manus
1445 680 1463 713 ,
1512 640 1577 701 et
1622 635 1885 701 fortasse
1924 635 2145 702 eadem
2164 683 2180 713 ,
2227 654 2389 721 quae
2424 634 2665 701 librum
2687 636 3040 722 descripsit,

650 740 892 807 multas
936 762 1052 807 nec
1097 741 1273 809 leves
1325 743 1741 809 correctiones
1786 741 2054 808 addidit.
2125 741 2219 807 De
2266 742 2449 809 cuius
2498 744 2875 810 auctoritate
2921 744 3041 809 mi-

647 868 752 913 ror
798 848 1162 915 etiamnunc
1209 847 1508 915 dubitari.
1573 848 1745 915 Nam
1792 853 2103 937 quatenus
2148 848 2517 916 istiusmodi
2564 852 2853 935 quaestio
2901 869 3042 915 con-

645 950 750 1020 fici
787 958 1026 1039 potest,
1071 976 1211 1021 eam
1252 954 1328 1021 ad
1353 954 1677 1041 liquidum
1699 954 2075 1041 perductam
2102 975 2239 1021 esse
2263 955 2571 1041 putabam
2599 955 3039 1021 dissertatione

644 1062 722 1124 A.
771 1058 1112 1139 Strelitzii,
1164 1061 1238 1125 de
1282 1061 1527 1147 antiquo
1580 1061 1698 1125 050.
1752 1062 1827 1125 de
1872 1060 1968 1125 Re
2000 1062 2250 1145 publica
2298 1060 2668 1125 emendatore
2688 1108 2707 1145 ,
2768 1061 3041 1127 Gne-mac

652 1164 846 1231 1874.
895 1164 1078 1242 Quod
1123 1169 1179 1232 si
1226 1165 1490 1234 lectores
1527 1168 1869 1254 inspiciant
1910 1166 2201 1233 tabulam
2240 1166 2407 1233 infra
2444 1168 2752 1252 scriptam
2771 1214 2790 1245 ,
2833 1186 3039 1233 assen-

645 1272 890 1338 tientur
945 1272 1208 1340 fortasse
1225 1323 1245 1359 ,
1308 1294 1528 1341 omnes
1589 1276 1979 1341 mutationes
1997 1322 2016 1352 ,
2066 1273 2143 1340 de
2191 1274 2422 1359 quibus
2470 1279 2755 1339 constare
2800 1275 2999 1358 possit
3019 1320 3037 1352 ,

647 1400 724 1445 ex
785 1380 950 1446 bono
1012 1379 1226 1447 codice
1283 1386 1530 1467 sumtas
1585 1401 1720 1447 esse
1738 1430 1756 1466 ,
1822 1400 1938 1447 nec
2000 1400 2039 1447 a
2098 1380 2361 1447 librario
2407 1381 2721 1446 inventas.
2814 1380 3040 1465 Itaque

647 1484 811 1551 libro
871 1488 1080 1573 primo
1133 1490 1548 1554 exstantiores
1607 1489 2022 1554 correctiones
2084 1485 2251 1551 infra
2298 1486 2591 1571 scriptae.
2677 1484 2855 1550 Duas
2902 1504 3041 1551 esse

648 1611 879 1658 manus
939 1595 1336 1659 correctrices
1392 1594 1462 1658 in
1525 1593 1739 1659 codice
1802 1594 2061 1681 egregie
2121 1592 2581 1658 demonstravit
2626 1590 2715 1655 du
2761 1589 2927 1656 Rieu
2974 1610 3037 1677 p.

651 1694 760 1781 33,
823 1718 917 1783 sq.
983 1698 1402 1785 (schedarum
1451 1696 1973 1783 Vaticanum),
2022 1697 2193 1763 idem
2246 1717 2305 1782 p.
2360 1694 2445 1761 12
2494 1695 2747 1781 docuit,
2794 1716 2951 1761 num
3004 1714 3044 1761 a

649 1804 860 1889 prima
906 1810 1222 1870 correctus
1261 1806 1347 1869 sit
1367 1851 1385 1883 ,
1435 1824 1563 1870 non
1603 1809 1775 1870 certo
1813 1824 1995 1890 posse
2020 1802 2361 1879 constitui3
2387 1822 2611 1868 omnes
2632 1804 3046 1867 correctiones

646 1914 1006 1997 promiscue
1065 1910 1266 1976 altera
1322 1930 1549 1977 manus
1595 1916 1923 1977 vocantur.
2016 1908 2094 1987 In
2140 1910 2333 1974 tertia
2372 1909 2672 1975 columna
2716 1908 2883 1975 infra
2928 1906 3040 1974 ad-

648 2018 873 2103 scripsi
916 2037 1128 2083 meam
1175 2020 1556 2083 sententiam
1606 2016 1684 2083 de
1732 2015 2031 2104 singulis.

1587 2182 1815 2251 Altera
1860 2203 2106 2250 manus.

642 2338 680 2423 ς
724 2338 757 2402 1
818 2336 1258 2406 liberavissent
1555 2340 1589 2411 t
1635 2334 1775 2402 add.
1828 2334 2122 2401 lectioni:
2166 2332 2394 2401 libera-
2440 2335 2567 2400 inc.

1641 2444 1857 2509 visson

827 2549 1168 2618 marcellus
1551 2569 1641 2616 m.
1688 2546 2031 2615 marcoflus
2436 2568 2515 2615 ex
2562 2545 2698 2614 cod.

825 2661 1096 2728 tusculis
1118 2648 1205 2734 1Ιὸ
1555 2659 1795 2726 tusculi
1840 2679 1911 2724 se
2438 2659 2563 2724 inc.

825 2767 1008 2834 umdi
1027 2765 1061 2841 ΙΙ
1081 2772 1180 2834 set
1556 2766 1747 2831 undis
1795 2768 1862 2830 et

825 2878 1035 2940 tatum
1555 2872 1782 2938 datum

823 2979 926 3044 bis
1550 2978 1652 3044 vis

640 3085 678 3169 ξ
723 3083 766 3150 2
827 3086 1008 3150 iistin
1548 3084 1685 3148 iisti
1748 3083 1816 3146 in
1830 3131 1849 3166 ,
1910 3099 2045 3146 esse
2091 3080 2389 3147 debebat:
2452 3082 2573 3148 inc.

1097 3203 1103 3208 ·
1646 3189 1761 3254 isti
1805 3190 1892 3253 in.

639 3296 677 3380 ξ
718 3294 758 3361 8
823 3295 1162 3381 cuiusquid
1555 3295 1721 3360 civis
1768 3295 1879 3379 qui
1924 3293 1993 3359 id
2436 3314 2516 3361 ex
2562 3293 2699 3361 cod.

828 3402 1502 3488 doctoribusquequet-
1560 3399 2048 3485 doctoribusque
2094 3417 2253 3485 quae
2299 3405 2397 3466 est

910 3510 1082 3574 enim
1121 3554 1126 3560 ·
1641 3508 1816 3572 enim

819 3616 982 3681 ratio
1551 3615 1753 3680 oratio

819 3725 959 3787 iure
1553 3721 1682 3785 iuri
2444 3717 2619 3784 mala
2694 3721 2996 3787 correctio
3012 3767 3035 3806 ‚

2522 3845 2599 3890 ex
2646 3823 2829 3891 coni?

818 3935 1244 4020 imperiosaist
1547 3933 1923 4018 imperiosas
2438 3951 2517 3996 ex
2562 3931 2702 3998 cod..

823 4039 987 4105 culis
1548 4038 1786 4107 viculis

833 4147 1474 4213 consuisetlavoribus
1559 4145 1815 4212 consilis
1863 4150 1927 4209 et
1969 4141 2291 4210 laboribus

827 4255 965 4318 ruit
1046 4252 1357 4340 („fuerit”
1437 4255 1506 4317 in

915 4361 1258 4446 archetypo
1275 4356 1329 4444 ?)
1549 4358 1676 4422 fuit
2523 4354 2551 4421 ‘f

736 4464 948 4532 Bonae
1011 4465 1424 4532 correctiones
1484 4485 1645 4550 quae
1705 4485 1830 4531 non
1884 4468 2035 4530 sunt
2081 4467 2187 4530 τοῦ
2237 4461 2534 4544 τυχόντος
2584 4483 2724 4531 raro
2772 4465 3030 4553 ingenio
