3414 5158
624 328 668 396 8
1603 345 2033 398 montanus.

627 511 737 588 11,
789 511 868 590 33
918 511 1003 578 al.
1097 511 1280 592 Quod
1327 513 1525 578 etiam
1569 509 1781 577 lenius
1819 511 2267 578 rescriberetur
2303 511 2447 576 ὑπο
2466 511 2555 577 nd
2572 526 2613 576 λ
2635 536 2683 576 π
2702 535 2815 596 ον,
2854 510 3012 578 alla-

623 623 767 684 tum
815 640 853 685 a
899 617 1202 684 Passovio
1247 619 1316 682 in
1359 617 1562 684 lexico
1579 667 1598 702 ,
1645 605 1871 684 idonea
1915 620 2293 685 auctoritate
2336 639 2545 684 carere
2592 619 2867 685 videtur.

713 723 820 790 IH
870 722 932 801 6,
986 722 1072 789 10
1115 723 1300 794 αὐτὸς
1351 722 1414 789 δὲ
1466 723 1789 812 (Severus)
1837 732 1947 800 τῆς
1995 725 2127 790 ὀδοῦ
2176 725 2386 807 εἵχετο
2406 771 2423 803 ,
2472 724 2783 803 μηδεμίαν
2837 726 3010 810 [dvo-

621 833 778 916 χήν]
829 828 1208 896 άνάπαυλαν
1257 829 1448 902 διδοὺς
1495 831 1660 920 μήτε
1705 831 1940 912 ἑορταῖς
1989 831 2151 909 μήτε
2201 831 2509 908 καμάτοις
2530 881 2549 916 ,
2574 832 2783 911 κρύους
2812 832 3009 915 <τε>

623 938 728 1002 καὶ
769 937 1042 1010 θάλπους
1082 937 1297 1014 ὅμοίως
1339 943 1761 1019 καταφρονῶν.
1824 937 2021 1004 Recte
2060 940 2153 1006 sio
2193 938 2399 1005 editor
2437 938 2650 1006 locum
2676 940 3009 1005 constituit

624 1045 832 1112 deleto
891 1046 1122 1125 άνοχῆν
1182 1049 1248 1110 et
1307 1046 1612 1131 rescripto
1659 1043 2039 1110 άνάπαυλαν
2086 1065 2200 1130 pro
2246 1044 2616 1120 άναπαύλης
2663 1050 2728 1110 et
2772 1046 3009 1114 inserto

622 1152 851 1220 vocula
909 1152 1016 1237 τέ,
1079 1151 1188 1217 sed
1248 1152 1447 1216 miror
1491 1150 1764 1216 eundem
1810 1171 1937 1217 non
1980 1152 2216 1217 vidisse
2261 1151 2457 1218 aliam
2508 1172 2831 1238 superesse
2877 1172 3010 1218 cor·

622 1258 979 1345 ruptelam,
1043 1260 1180 1323 sive
1225 1241 1627 1323 scribendum
1678 1262 1776 1323 est
1821 1256 1981 1335 μήτε
2033 1257 2400 1336 πορείαις
2450 1260 2612 1336 μήτε
2661 1256 3007 1342 καμάτοις,

625 1365 780 1444 sive,
823 1365 988 1451 quod
1029 1365 1224 1430 etiam
1266 1367 1584 1448 praestare
1629 1364 1907 1442 videtur,
1953 1364 2130 1443 μηδ’
2180 1363 2253 1429 ἒν
2300 1364 2629 1444 ἑορταῖς
2675 1375 2851 1438 τοῖς
2898 1389 3013 1432 κα-

625 1469 872 1549 μάτοις.

715 1577 871 1644 Post
920 1595 1122 1662 pauca
1169 1577 1236 1640 in
1284 1576 1495 1641 verbis
1541 1573 1792 1655 ἔπεμψε
1841 1573 1905 1640 δὲ
1952 1573 2057 1640 κα)
2109 1575 2334 1656 ςρατὸν
2395 1575 2812 1656 δυνάμεως
2874 1578 3009 1644 τὸν

622 1684 709 1750 τὰ
772 1683 923 1752 ςενοὶ
985 1689 1102 1747 τῶν
1144 1681 1443 1748 ’Άλπεων
1491 1680 2012 1761 καταληψόμενον
2058 1683 2163 1748 καὶ
2211 1685 2630 1764 φρουρήσοντα
2688 1693 2798 1761 τῆς
2844 1691 3010 1751 Ἰτα-

622 1790 767 1863 λίας
836 1789 955 1860 τὰς
1016 1787 1312 1866 εἰσβολάς
1335 1835 1352 1866 ,
1413 1808 1538 1853 non
1585 1788 1895 1876 intellego
1942 1788 2095 1874 quid
2143 1810 2400 1855 movere
2446 1794 2727 1876 potuerit
2774 1794 3009 1878 magis-

621 1895 851 1962 tellum
901 1901 976 1960 ut
1021 1899 1165 1980 post
1203 1892 1423 1974 ςρατόν
1463 1892 1722 1960 adderet
1762 1891 2078 1970 δυνάμεως
2098 1940 2115 1971 ,
2158 1895 2325 1980 quod
2348 1902 2690 1980 praeeunte
2712 1895 3008 1961 Bekkero

621 2002 860 2069 delevit
914 1999 1387 2067 Mendelssohn.
1479 1998 1944 2084 Exspectabam
1990 2001 2205 2084 potius
2250 2020 2399 2065 cum
2446 1999 2709 2067 Reiskio
2756 2001 3010 2082 ἔπεμψε

622 2107 686 2173 δὲ
750 2107 854 2173 καὶ
915 2106 1224 2187 ςρατηγὸν
1273 2105 1570 2183 <μετά>
1618 2103 1933 2182 δυνάμεως
1954 2153 1971 2182 ,
2038 2105 2150 2171 sed
2210 2104 2409 2172 simul
2468 2104 2676 2171 deleto
2739 2105 3008 2174 articulo

630 2213 784 2303 [τὸν]
836 2214 920 2280 τά
967 2213 1118 2282 ςενοὶ
1165 2218 1282 2277 τῶν
1318 2215 1618 2278 ’Ἄλπεων
1661 2209 2184 2293 καταληψόμενον
2230 2211 2360 2276 κτὲ.

712 2319 807 2386 III
855 2318 920 2405 ’7,
972 2321 1003 2384 1
1057 2324 1217 2384 extr.
1270 2320 1305 2395 ἦ
1349 2317 1477 2398 γάρ
1526 2317 1849 2396 άπόβασις
1899 2317 2038 2402 [καὶ
2097 2318 2131 2392 ἦ
2178 2317 2375 2404 τύχη]
2425 2321 2534 2384 τοῦ
2577 2318 2855 2398 πολέμου
2888 2322 3005 2395 τὰς

622 2427 918 2506 ἑκατέρων
996 2426 1252 2504 γνώμας
1315 2423 1558 2506 ἔκρινεν.
1653 2424 1830 2504 Quas
1893 2423 2123 2490 seclusi
2180 2423 2501 2512 glossema
2560 2445 2696 2492 esse
2752 2426 3009 2493 videtur

621 2534 913 2601 additum
983 2537 1239 2620 propter
1306 2549 1673 2620 praegressa
1740 2527 1862 2597 ὅσοι
1930 2529 1993 2596 δὲ
2060 2530 2168 2597 οὐκ
2238 2530 2571 2601 ἑπίςευσαν
2634 2533 3008 2613 εὐτυχῶς

619 2645 866 2720 μᾶλλον
925 2637 1179 2721 γνόντες
1243 2638 1278 2713 ἢ
1333 2636 1680 2716 εὐβούλως,
1728 2636 2059 2711 ἐσώθησαν.
2154 2636 2315 2703 Mox
2360 2638 2397 2723 ξ
2444 2636 2487 2702 4
2531 2636 2772 2727 legitur
2817 2662 3009 2719 καρα-

620 2748 971 2823 δοκῆσαντα
1017 2748 1128 2820 την
1172 2743 1495 2823 άπόβασιν
1541 2751 1654 2818 τῆς
1700 2744 1948 2823 μάχης.
1995 2744 2074 2808 In
2119 2744 2156 2829 ξ
2202 2742 2245 2809 2
2290 2743 2620 2822 γενομένης
2670 2745 2732 2811 δὲ
2770 2745 3009 2825 συμβο-

618 2862 734 2929 λῆς
797 2855 1097 2931 καρτερῶς
1161 2849 1262 2914 ἐπὶ
1310 2856 1564 2918 πλεῖς-ον
1609 2848 1725 2925 μὲν
1770 2846 2071 2928 ἰσόρροπος
2119 2846 2329 2926 ἔμενεν
2374 2848 2679 2930 ἑκατέροις
2729 2853 2869 2936 [τῆς
2918 2852 3008 2917 νί-

618 2960 754 3046 κης]
821 2961 857 3033 ἡ
912 2956 1079 3037 τύχη
1126 2955 1529 3041 ineptissime
1572 2952 2032 3039 interpolatum
2079 2959 2177 3020 est
2221 2964 2333 3031 τῆς
2382 2956 2570 3031 νίκης.
2663 2956 3007 3027 Offensioni

617 3071 715 3133 est
759 3062 977 3151 paullo
1022 3067 1168 3128 ante
1215 3064 1282 3125 in
1330 3059 1550 3126 eadem
1598 3059 1996 3147 paragrapho
2042 3060 2306 3146 perfecti
2350 3082 2506 3127 usus
2552 3066 2620 3129 in
2661 3064 2797 3131 his:
2847 3066 3006 3147 ἀφι-

615 3169 869 3248 κομένης
920 3168 984 3234 δὲ
1029 3175 1140 3242 τῆς
1188 3170 1293 3232 τοῦ
1345 3164 1624 3245 Σεβῆρου
1665 3163 1982 3242 δυνάμεως
2023 3166 2084 3239 ἐς
2125 3166 2237 3241 την
2274 3168 2559 3235 Γαλλίαν
2593 3170 3001 3249 γεγόνασι

613 3277 729 3356 μέν
773 3300 931 3349 τινες
981 3270 1424 3353 άκροβολισμοὶ
1476 3270 1614 3336 καθ’
1663 3268 1841 3352 ἔτερα
1866 3319 1884 3350 ,
1929 3274 1963 3349 ἦ
2013 3271 2075 3337 δὲ
2121 3275 2464 3342 τελευταία
2513 3277 2648 3357 περὶ
2689 3276 3003 3357 Λούγδου-

611 3408 740 3469 νον,
789 3403 904 3449 nec
941 3380 1282 3447 rescribere
1329 3377 1621 3445 dubitem
1669 3377 1763 3457 ἐγ
1782 3377 1811 3443 ἐ
1830 3402 1903 3444 νο
1922 3402 2073 3445 ντο.

705 3488 814 3555 ΙΠ
878 3486 941 3565 ¹7,
1003 3485 1047 3552 8
1116 3482 1407 3563 μεγάλαι
1469 3483 1584 3561 μὲν
1645 3484 1777 3563 γάρ
1836 3484 1942 3550 καὶ
2005 3486 2074 3551 αἱ
2130 3486 2437 3570 Καίσαρος
2484 3489 2631 3571 πρὸς
2680 3492 2999 3569 Πομπήιον

608 3595 972 3675 ἑκατέρωθεν
1032 3590 1417 3672 τρατοπέδων
1457 3592 1833 3675 ,Ῥωμαϊκῶν
1895 3590 2153 3672 μάχαι,
2217 3594 2322 3662 καὶ
2386 3594 2472 3664 αὖ
2530 3602 2638 3663 τοῦ
2705 3598 2996 3677 Σεβαςοῢ

608 3704 751 3783 πρὸς
800 3698 1114 3765 Ἀντώνιον
1163 3697 1198 3773 ἢ
1243 3696 1386 3769 τοὺς
1431 3698 1757 3774 Πομπηίου
1806 3699 2078 3775 παῖδας,
2124 3700 2183 3767 ε1
2224 3726 2297 3767 τε
2341 3726 2403 3769 τι
2452 3704 2732 3786 πρότερον
2772 3705 2996 3789 Σύλλα

609 3807 644 3883 ἢ
702 3805 922 3888 Μαρίῳ
985 3805 1048 3869 ἔν
1109 3802 1435 3887 ἐμφυλίοις
1484 3802 1588 3870 καὶ
1636 3807 2135 3883 Ῥωμαϊκαῖς
2184 3810 2477 3896 μάχαις,
2527 3812 2561 3887 ἢ
2613 3810 2834 3886 ἄλλοις
2883 3812 2994 3879 πέ-

605 3936 900 3994 πρακται.
951 3909 1120 3979 Cum
1164 3912 1340 3996 ipsae
1386 3910 1679 3993 ἐμφύλιοι
1728 3910 1947 3995 μάχαι
1995 3915 2126 3979 sint
2172 3916 2372 3984 simul
2421 3918 2796 3995 Ῥωμαϊκαί,
2844 3938 2993 4005 pro-

603 4018 711 4085 cul
778 4018 971 4084 dubio
1030 4015 1435 4082 Herodianus
1495 4017 1817 4105 scripsisse
1876 4022 2345 4088 existimandus
2401 4029 2499 4090 est
2555 4024 2615 4091 ἐν
2662 4026 2993 4110 ἐμφυλίοις

604 4124 708 4190 καὶ
746 4122 1330 4203 βαρβαρικαῖς
1368 4121 1656 4208 μάχαις,
1695 4126 1762 4189 in
1789 4132 2013 4209 puynie
2053 4150 2183 4192 cum
2222 4130 2449 4195 civibus
2488 4138 2545 4197 ot
2584 4154 2713 4197 cum
2754 4132 2991 4199 exterio.

601 4229 687 4297 Et
745 4230 836 4293 sic
892 4226 1055 4316 legit
1114 4225 1470 4295 Politianus
1531 4234 1785 4297 vertens
1831 4232 2113 4299 civilibus
2158 4241 2529 4323 eximieque
2560 4237 2835 4322 proeliis.
2889 4232 2989 4303 Of.

602 4333 710 4399 III
760 4332 868 4408 15,
919 4332 962 4398 3
1006 4333 1145 4401 οὔτε
1189 4334 1318 4415 γὰρ
1366 4334 1656 4418 ἐμφύλια
1704 4340 1849 4402 κατ’
1897 4337 2121 4420 ἐχθρῶν
2168 4340 2310 4408 οὔτε
2350 4340 2500 4420 ξένα
2539 4342 2761 4409 κατὰ
2801 4344 2992 4424 βαρ·

618 4437 871 4521 βάρων
916 4440 1200 4507 τοσαῦτά
1245 4466 1341 4515 τις
1392 4442 1505 4526 πρὸ
1553 4446 1746 4512 αὐτοῦ
1794 4444 1998 4527 ἤγειρε
2044 4447 2337 4531 τρόπαια.

3380 2519 3393 2585 ᾼ
