3414 5158
644 300 774 368 120
1738 317 1931 369 uass.

729 492 799 551 M
849 480 982 551 288
1030 504 1122 569 sq.

910 582 980 655 αἳ
1025 590 1138 669 μὲν
1185 586 1284 669 ἄρ’
1334 590 1396 662 ἐς
1444 594 1702 671 Τρῶας,
1752 581 1822 655 αἳ
1870 588 1923 655 δ’
1970 590 2039 655 ἐκ
2084 588 2305 671 Τρώων
2353 590 2413 663 ἐς
2462 588 2771 669 Ἀχαιούς

908 694 1347 777 βαλλομένων·
1397 696 1484 762 τὸ
1532 695 1606 762 δὲ
1654 703 1941 777 τεῖχος
1990 696 2137 777 ὑπὲρ
2182 701 2311 763 πᾶν
2364 696 2581 770 δοῦπος
2630 696 2847 776 ὀρώρει.

727 804 801 869 In
845 804 947 869 his
993 802 1283 869 versibus
1330 802 1672 869 offensione
1716 823 1843 868 non
1889 809 2061 870 earet
2108 802 2470 888 articulus,-
2504 802 2612 869 sed
2658 822 2811 869 cave
2858 801 3036 869 coni-

634 914 804 978 cias:
877 910 905 974 δ
977 910 1040 975 δὲ
1092 945 1174 957 -
1223 908 1438 981 δοῦπος
1503 910 1733 993 ὀρώρει,
1799 912 1949 994 quia
2010 898 2457 997 epexegeticus
2520 908 2627 973 hic
2688 928 2843 974 usus
2902 928 3035 973 non

636 1018 916 1101 obtinet,
985 1017 1110 1081 nisi
1178 1016 1293 1080 ubi
1361 1016 1837 1082 substantivum
1909 1018 2041 1080 iam
2113 1017 2431 1101 expectari
2500 1018 2745 1100 poterat
2763 1062 2781 1097 ‚
2846 1012 3037 1081 velut

596 1104 698 1190 'N
763 1120 894 1189 597
965 1122 1078 1187 τὸ
1103 1122 1155 1187 δ’
1228 1120 1530 1201 ἐφέλκετο
1593 1122 1865 1199 μείλινον
1932 1120 2163 1207 ἔγχος,
2230 1121 2545 1208 siquidem
2608 1120 2790 1185 hasta
2834 1120 3033 1185 modo

633 1233 1132 1296 commemorata
1175 1234 1327 1293 erat.
1381 1228 1550 1294 Fieri
1593 1233 1838 1314 potest,
1888 1234 1959 1294 ut
2006 1230 2307 1314 primitus
2354 1229 2582 1293 fuerit:

907 1334 1358 1414 βαλλομένων·
1410 1341 1695 1418 τεῖχος
1746 1334 1827 1401 δέ
1874 1336 1924 1401 θ’
1976 1335 2122 1417 ὑπὲρ
2169 1337 2297 1401 πάν
2346 1333 2561 1407 δοῦπος
2614 1334 2826 1415 ὀρώρει

638 1441 742 1509 vel
788 1442 1000 1527 potius

908 1547 1352 1627 βαλλομένων·
1402 1554 1694 1630 τεῖχος
1748 1546 1829 1612 δὲ
1878 1547 2023 1627 ὑπερ
2072 1547 2197 1612 κτὲ.

727 1653 1026 1722 Ceterum
1086 1674 1245 1741 opus
1309 1660 1409 1720 est
1456 1652 1766 1741 peculiari
1813 1652 2256 1738 disquisitione
2302 1653 2524 1719 critica
2541 1699 2558 1731 ‚
2608 1653 2843 1738 quibus
2886 1650 3031 1717 fini-

639 1763 758 1828 bus
805 1761 1062 1828 articuli
1108 1782 1236 1826 non
1282 1761 1611 1848 fungentis
1655 1762 1796 1827 vice
1840 1761 2233 1845 pronominis
2280 1760 2449 1845 apud
2488 1758 2845 1835 Homerum
2886 1779 3035 1825 con-

643 1870 923 1933 tineatur
951 1917 967 1945 ,
1041 1887 1202 1952 quae
1268 1870 1646 1953 priusquam
1709 1866 1877 1932 facta
1940 1872 2037 1932 est
2098 1866 2177 1933 de
2239 1865 2614 1933 huiusmodi
2668 1866 2827 1933 locis
2872 1869 3034 1933 satis

645 1979 816 2041 certo
864 1973 1132 2039 iudicari
1176 1974 1416 2058 nequit.
2834 1967 2841 1972 ’

735 2078 940 2159 Quam
988 2080 1099 2164 qui
1149 2078 1486 2162 instituat,
1535 2078 1686 2143 huie
1736 2077 2114 2143 eliminandi
2160 2082 2313 2144 sunt
2357 2098 2578 2144 omnes
2622 2079 2674 2143 ii
2718 2077 2846 2145 loci
2889 2081 3035 2164 qui-

643 2186 764 2249 bus
828 2182 1005 2249 salvo
1067 2188 1274 2256 metro
1321 2183 1521 2249 serior
1567 2190 1740 2250 aetas
1789 2184 2132 2249 articulum
2178 2183 2359 2251 nullo
2404 2188 2664 2272 negotio
2708 2184 3037 2251 intrudere

641 2291 938 2376 potuerit.

729 2512 790 2570 N
841 2501 971 2571 129
2122 2506 2174 2571 ol
2222 2503 2349 2586 γάρ
2396 2500 2591 2585 ’άριςοι

909 2609 1262 2699 κρινθέντεςῖ
1284 2609 1502 2694 Τρῶάς
1551 2636 1625 2677 τε
1672 2611 1777 2678 καὶ
1820 2613 2093 2695 Ἕκτορα
2138 2611 2261 2678 δῖον
2306 2611 2559 2692 ἔμιμνον

910 2716 1269 2799 φράξαντες
1316 2717 1453 2799 δόρυ
1497 2717 1658 2799 δουρί
1701 2719 1893 2792 σάκος
1942 2717 2130 2784 σάκεϊ
2171 2718 2717 2801 προθελύμνῳ.

724 2825 820 2892 Ex
867 2823 1005 2891 loeo
1057 2835 1082 2889 1
1135 2824 1268 2890 514
1315 2825 1393 2890 de
1439 2845 1592 2912 apro
1637 2824 2091 2910 Erymanthio:

817 2930 1028 2997 πολλά
1072 2930 1124 2994 δ
1171 2928 1281 3009 ὅγε
1331 2927 1850 3011 προθέλυμνα
1899 2929 2119 3012 χαμαὶ
2168 2931 2341 3010 βάλε
2388 2931 2629 3046 δένδρεα
2676 2933 2895 3013 μακρα

815 3040 1121 3117 αὐτῇσι
1165 3035 1436 3118 ρΙζησι

633 3147 895 3226 apparet
953 3140 1358 3221 προθέλυμνος
1421 3160 1548 3207 non
1595 3140 1883 3207 multum
1929 3142 2282 3230 discrepare
2329 3163 2367 3210 a
2414 3142 2713 3226 πρόρριζος
2734 3192 2751 3222 ,
2802 3143 3027 3211 confir-

633 3252 851 3313 mante
921 3247 1118 3314 altero
1186 3247 1322 3314 loco
1384 3249 1557 3334 (nam
1621 3251 1721 3313 ter
1781 3253 2031 3314 tantum
2096 3251 2164 3315 in
2226 3251 2617 3317 carminibus
2662 3251 3025 3318 Homericis

632 3353 972 3438 reperitur)
1023 3361 1074 3418 K
1127 3351 1246 3431 15,
1300 3355 1411 3418 ubi
1457 3357 1553 3418 est
1603 3353 1680 3419 de
1728 3351 2247 3441 Agamemnone:

811 3460 1050 3532 πολλὰς
1104 3458 1156 3522 δ’
1205 3460 1272 3524 ἐκ
1321 3465 1608 3538 κεφαλῆς
1660 3459 2274 3538 προθελύμνους
2322 3459 2537 3528 ἕλκετο
2587 3462 2852 3545 χαίτας.

717 3564 940 3648 Neque
1003 3565 1190 3630 aliter
1251 3567 1512 3631 seriores
1575 3586 1730 3631 voce
1794 3567 1896 3631 usi
1942 3571 2092 3632 sunt
2113 3615 2131 3652 ,
2181 3567 2362 3635 velut
2402 3570 2859 3656 Aristophanes
2905 3569 3017 3656 Eq.

632 3667 764 3737 528
813 3671 891 3737 de
938 3668 1232 3738 Cratino:

721 3776 923 3860 ἐφόρει
985 3778 1105 3852 τοὶς
1169 3779 1304 3860 δρῦς
1369 3777 1475 3844 καὶ
1541 3775 1658 3852 τὰς
1707 3777 2064 3852 πλατάνους
2115 3777 2221 3845 καὶ
2269 3779 2408 3853 τοὺς
2461 3781 2707 3862 ἐχθροὺς
2755 3769 3022 3863 προθε-

2608 3889 2676 3970 [λ
2698 3887 3019 3967 ὕμνους.

626 3994 692 4056 et
737 3989 888 4056 Pac.
941 3989 1152 4056 1210:
2274 4067 2279 4070 ,

897 4095 1018 4175 οἴμ’
1068 4099 1290 4187 οὖς-’πρ
1319 4095 1759 4173 οθέλυμνόν
1806 4099 1903 4176 μ’,
1949 4093 1991 4161 ὦ
2038 4101 2334 4183 Τρυγαΐ,
2381 4099 2739 4174 άπώλεσας.

625 4206 669 4270 i.
697 4225 752 4270 e.
785 4203 1122 4288 funditus,
1175 4209 1248 4268 ut
1295 4204 1660 4286 aequiorum
1711 4202 2077 4270 testimonia
2123 4207 2446 4271 omittam.

719 4307 1116 4374 Vocabulum
1179 4309 1495 4394 originem
1556 4307 1784 4373 ducere
1843 4329 1883 4373 a
1928 4308 2203 4388 θέλυμνα
2250 4313 2351 4396 (=
2378 4310 2679 4390 θέμεθλα,
2732 4312 3018 4399 θεμέλια)

627 4414 1027 4486 fundamenta
1081 4419 1250 4480 recte
1313 4412 1766 4480 animadvertit
1826 4413 2181 4483 Scholiasta
2243 4418 2323 4483 ad
2371 4428 2421 4484 K
2465 4417 2549 4483 15
2569 4467 2587 4503 ,
2636 4438 2833 4503 eaque
2886 4435 3010 4486 vox
