3414 5158
622 367 710 437 72
1691 382 1932 435 exosae.

618 554 971 637 referuntur
1029 573 1070 618 a
1131 551 1338 616 scriba
1399 552 1622 617 aerarii
1682 553 1752 615 in
1814 548 2067 615 tabulas
2128 547 2445 633 publicas;
2498 548 2555 611 is
2600 545 2895 631 perlectis
2938 550 3007 611 et

619 660 951 744 descriptis
1012 660 1105 723 eis
1165 657 1246 722 ad
1293 654 1484 723 finem
1503 704 1520 733 ,
1567 678 1713 722 oum
1765 655 1931 721 nihil
1977 656 2169 720 obiici
2214 655 2444 740 possit,
2492 657 3009 718 commurmurat

617 771 780 834 ista:
839 766 1003 831 ratio
1050 764 1308 847 quidem
1357 762 1567 828 hercle
1587 810 1603 839 ‚
1643 760 1781 827 rell.
1830 758 2151 826 Vocabula
2188 761 2272 824 ad
2304 765 2599 823 aereo-ium
2644 756 3013 846 significant

618 878 769 938 noto
829 890 949 935 usu
1015 871 1148 954 (utt
1211 869 1292 934 ad
1335 867 1582 941 forum,
1631 868 1715 933 ad
1762 866 1987 931 villam
2008 916 2027 948 ,
2074 866 2153 931 ad
2200 868 2417 933 omnia
2458 864 2735 949 templa,
2782 866 2863 930 ad
2910 866 3012 928 in·

618 977 811 1060 feros)
873 976 940 1039 in
1003 977 1242 1041 aerario
1261 1021 1277 1052 ,
1323 973 1645 1062 iungenda
1691 994 1839 1038 cum
1888 973 2102 1035 scriba.
2159 970 2578 1056 „Pei-scriptis
2624 969 3011 1036 rationibus”

621 1082 949 1147 Schultzio
1017 1087 1082 1146 et
1155 1080 1400 1145 Dobreo
1471 1081 1835 1145 auctoribus
1897 1078 2153 1143 induxit
2214 1076 2500 1163 Kayser,
2562 1077 2776 1142 locum
2824 1076 3011 1141 aliter

621 1191 1105 1273 interpretatus;
1153 1185 1260 1251 sed
1307 1186 1512 1251 scriba
1558 1188 1847 1269 privatus
1890 1186 2312 1271 magistratus
2360 1190 2461 1267 (ut
2501 1182 2594 1249 M.
2636 1180 3007 1247 Tulliusll.

625 1299 760 1359 erat
819 1290 1162 1375 Ciceronis)
1226 1314 1352 1357 non
1413 1297 1620 1377 potest
1679 1291 1809 1355 dici
1878 1293 2191 1367 „rationes
2240 1291 2323 1353 ad
2366 1291 2666 1354 aerarium
2713 1288 3013 1372 referre,''

627 1400 692 1465 id
759 1400 911 1465 facit
969 1399 1390 1484 magistratus
1449 1397 1785 1481 (deponere
1830 1396 1910 1462 ad
1956 1397 2270 1461 aerarium
2292 1444 2307 1474 ,
2356 1396 2721 1481 overleqyen)
2740 1442 2758 1473 ,
2805 1400 3015 1481 potest

626 1505 832 1571 scriba
885 1504 1152 1586 „referre
1195 1501 1524 1585 rationes”,
1571 1505 1613 1565 i.
1643 1522 1696 1566 e.
1748 1506 1818 1566 in
1864 1501 2115 1567 tabulas
2162 1505 2403 1587 accepti
2450 1510 2513 1567 et
2554 1503 2810 1587 expensi
2854 1501 3016 1565 ferre

627 1609 912 1699 (boeken).
987 1646 1072 1658 —
1143 1608 1221 1673 In
1289 1610 1597 1693 proximis
1667 1613 1829 1673 teste
1898 1606 2188 1693 Peyrono
2252 1606 2324 1672 Τ.
2379 1610 2615 1673 omisso
2659 1614 2779 1671 iam
2824 1607 3013 1672 habet

629 1718 1028 1782 escendentem
1077 1716 1257 1801 (nom
1310 1718 1482 1793 „iam
1531 1712 2016 1803 escendentem”
2066 1720 2139 1778 ut
2186 1714 2404 1779 Halm.
2456 1714 2671 1798 refert)
2713 1733 2839 1798 qua
2874 1733 3015 1798 par-

630 1822 830 1889 ticula
877 1841 1064 1909 aegre
1111 1840 1342 1886 careas.
1437 1818 1642 1905 Supra
1688 1840 1935 1905 quoque
1981 1820 2017 1903 ᾖ
2065 1818 2175 1903 59,
2222 1840 2346 1905 quo
2390 1820 2530 1887 loco
2576 1829 2747 1886 caret
2792 1819 2890 1903 T„
2935 1818 3013 1885 V.

631 1926 804 1995 solus
863 1928 1058 1992 habet
1116 1926 1237 1989 iam
1253 1975 1272 2010 ,
1335 1927 1449 1991 ubi
1509 1923 1675 1991 nihil
1737 1945 1884 1990 sane
1931 1924 2189 1990 offendit
2236 1926 2463 1991 vocula
2480 1974 2495 2004 ,
2544 1927 2651 1992 sed
2705 1929 3013 2015 exiguum

631 2035 752 2100 hoc
822 2037 918 2099 est
983 2050 1134 2117 prae
1202 2031 1492 2116 reliquis,
1563 2051 1725 2116 quae
1784 2031 2226 2098 emendatione
2282 2032 2376 2096 ibi
2438 2032 2737 2098 videntur
2798 2052 3013 2120 egeret

635 2139 830 2223 „quid
881 2144 1010 2222 est,
1057 2136 1288 2203 Caesar
1306 2183 1322 2214 ,
1372 2138 1539 2222 quod
1584 2144 1649 2203 te
1695 2135 2187 2221 supplicationes
2236 2140 2467 2204 totiens
2514 2141 2645 2205 iam
2697 2139 3014 2223 decretae,

633 2252 730 2313 tot
777 2246 1026 2311 dierum
1071 2250 1249 2309 tanto
1295 2264 1480 2328 opere
1527 2240 1881 2309 delectent?
1926 2245 1995 2308 in
2042 2246 2273 2328 quibus
2316 2246 2609 2311 homines
2654 2266 2859 2313 errore
2900 2244 3015 2310 du-

636 2358 900 2429 cuntur,
950 2371 1107 2436 quas
1154 2350 1219 2416 di
1265 2350 1651 2437 neglegunt,
1701 2352 1813 2433 qui
1862 2385 1945 2397 —
1996 2370 2197 2433 neque
2242 2354 2503 2435 propitii
2544 2354 2843 2436 cuiquam
2886 2372 3019 2418 esse

635 2456 840 2523 solent
899 2476 1104 2540 neque
1147 2454 1353 2521 irati.'’
1421 2454 1564 2520 Nisi
1611 2475 1716 2520 me
1763 2458 2016 2521 animus
2060 2455 2267 2533 fallit,
2318 2456 2477 2522 solet
2526 2456 2747 2524 Cicero
2792 2462 2860 2522 in
2907 2458 3021 2525 illa

635 2563 1014 2649 anaphorica
1056 2563 1432 2648 repetitione
1476 2583 1857 2647 praeponere
1903 2568 1987 2627 tot
2013 2612 2027 2638 ,
2076 2568 2152 2627 ut
2198 2566 2549 2648 composita
2588 2570 2701 2630 aut
2738 2564 3022 2632 derivata

637 2675 838 2747 toties,
905 2670 1179 2750 totidem,
1241 2671 1398 2733 item
1446 2675 1569 2732 tam
1589 2715 1604 2742 ,
1657 2676 1863 2732 tantus
1909 2677 2269 2752 sequantur.
2364 2669 2681 2754 Requiro:
2735 2670 3020 2756 „suppli-

639 2778 915 2842 cationes
964 2781 1059 2840 tot
1106 2776 1392 2850 dierum,
1443 2776 1674 2838 totiens
1716 2777 1845 2837 iam
1888 2774 2205 2858 decretae,
2248 2781 2424 2840 tanto
2460 2795 2647 2860 opere
2669 2772 3020 2842 delectent?

645 2881 736 2968 [in
803 2883 1036 2967 quibus
1095 2881 1388 2946 homines
1449 2898 1652 2944 errore
1701 2879 2053 2964 ducuntur]
2103 2901 2258 2964 quas
2307 2880 2373 2946 di
2420 2880 2830 2970 neglegunt”,
2877 2882 3013 2949 rell.

643 2985 830 3054 Certe
879 2987 1147 3053 debebat
1191 3005 1325 3050 esse
1373 2985 1440 3048 in
1485 3007 1622 3070 quo.

731 3199 839 3266 62.
904 3198 1015 3277 ‚,L.
1083 3196 1344 3264 Crassus
1365 3246 1380 3276 ‚
1441 3199 1634 3264 homo
1681 3202 2188 3284 sapientissimus
2234 3207 2482 3267 nostrae
2532 3205 2850 3286 civitatis,
2898 3203 3017 3287 epi·

638 3307 792 3371 culis
829 3325 1022 3390 prope
1068 3309 1386 3370 scrutatus
1434 3311 1530 3369 est
1577 3304 1809 3389 Alpes,
1858 3310 1933 3370 ut
1979 3307 2091 3372 ubi
2138 3307 2339 3372 hostis
2386 3329 2508 3374 non
2558 3313 2725 3387 erat,
2772 3309 2867 3373 ibi
2911 3310 3019 3373 tri·

639 3410 866 3496 umphi
913 3431 1168 3476 causam
1217 3409 1498 3494 aliquam
1551 3413 1939 3495 quaereret.''

727 3515 834 3583 Sic
880 3515 1166 3603 plerique
1213 3516 1475 3582 codices.
1525 3519 1855 3603 Ambigua
1900 3523 1995 3583 est
2040 3518 2232 3584 lectio
2279 3519 2391 3584 V.:
2430 3522 2718 3603 peculiis,
2766 3525 3023 3587 exstite-

635 3627 801 3690 ritne
849 3645 925 3688 ex
973 3623 1228 3706 speculis
1271 3621 1338 3706 (a
1381 3623 1646 3708 specula)
1695 3643 1773 3687 an
1820 3643 1895 3687 ex
1940 3625 2204 3706 spiculis.
2300 3625 2503 3692 Paulo
2552 3624 2809 3713 longius
2846 3629 3021 3693 abest

633 3730 926 3813 specillis,
977 3729 1146 3814 quod
1190 3727 1569 3815 Madvigius
1623 3730 1907 3806 invenit,
1967 3736 2031 3795 et
2091 3733 2495 3815 aptissimum
2560 3738 2763 3816 esset,
2826 3735 2883 3797 si
2946 3732 3023 3798 de

635 3839 880 3902 iactura
919 3835 1264 3920 reparanda
1303 3855 1512 3900 sermo
1551 3841 1735 3901 esset.
1784 3835 2041 3918 speculis
2078 3836 2271 3902 habet
2296 3835 2732 3924 Erlangensis.
2784 3837 3020 3903 Verum

635 3947 732 4008 est
797 3941 1062 4024 spiculis.
1137 3939 1440 4006 Perculsa
1483 3946 1580 4005 est
1627 3939 1875 4024 Gallia,
1925 3943 2251 4026 tamquam
2302 3941 2540 4028 hostis3
2589 3943 2807 4008 lancea
2852 3965 3019 4008 soru-

633 4052 808 4114 tatur
869 4044 1168 4125 Crassus,
1222 4046 1445 4130 ecquid
1508 4044 1745 4110 alicubi
1807 4049 1979 4112 vitae
2027 4050 2335 4132 supersit,
2390 4049 2557 4133 quod
2604 4050 2685 4116 ad
2736 4070 3018 4137 pugnam

633 4173 891 4220 movere
937 4155 1156 4238 possit.
1207 4151 1482 4216 Ser-utari
1534 4150 1771 4215 dicitur
1816 4151 1893 4216 de
1940 4174 2193 4237 corpore
2240 4157 2405 4220 caesi
2454 4153 2781 4240 spoliando
2801 4204 2819 4239 ,
2870 4154 3014 4220 Tac.

631 4257 806 4324 Hist.
848 4257 943 4324 111
976 4257 1085 4324 25.
1137 4257 1380 4322 Ibidem
1424 4257 1687 4320 scrutari
1734 4258 1957 4322 lanceis
2002 4262 2352 4325 testudinem
2392 4269 2488 4328 est
2526 4264 2817 4346 experiri,
2861 4261 3016 4328 n'um

631 4363 793 4428 forte
841 4366 990 4448 quid
1037 4363 1192 4428 hiet.
1246 4401 1330 4411 --
1379 4363 1457 4427 In
1505 4360 1626 4426 fine
1670 4362 1865 4428 huius
1914 4366 2290 4452 paragraphi
2332 4368 2591 4434 fortasse
2632 4366 3017 4456 legendum:

638 4488 872 4557 „quam
901 4539 906 4544 ,
939 4467 1035 4536 Μ.
1097 4468 1316 4536 Pis0.’'
1387 4468 1555 4536 Nam
1616 4489 1765 4534 cum
1827 4469 1907 4536 ad
1970 4468 2044 4539 L.
2096 4471 2395 4540 Pisonem
2464 4474 2619 4541 haec
2680 4475 3013 4561 dicantur,
