3414 5158
1405 414 1646 465 monae.
2633 392 2719 463 63

327 582 466 649 Hos
514 584 782 649 arbitros
830 603 868 649 a
914 581 1415 666 redemptoribus
1465 582 1743 646 diversos
1789 598 1923 645 esse
1968 598 2195 646 moneo
2234 582 2492 666 propter
2528 580 2603 647 F.
2629 578 2717 647 A.

327 688 632 754 Wolfium
682 689 760 755 ad
807 688 1020 755 locum
1072 688 1148 753 de
1195 686 1398 753 Domo
1442 685 1616 752 laud.
1666 707 1730 771 p.
1778 684 1929 761 242,
1983 706 2075 771 sq.
2124 686 2414 753 Arbitros
2458 685 2713 753 lucrum

327 798 640 881 accepisse
681 794 886 874 (velut
911 794 1223 878 hodieque
1245 798 1470 858 testam
1480 792 1614 857 enti
1639 790 2137 874 „exsecutores”)
2162 794 2301 877 ipsa
2324 796 2713 878 comparatio

328 902 530 968 docet.
576 900 758 966 Idem
807 899 1076 967 Wolfius
1121 899 1200 965 ad
1248 920 1309 984 p.
1349 898 1507 964 Red.
1551 896 1698 964 Seu.
1747 895 1830 963 18
1874 898 2028 983 (vid.
2056 896 2286 985 supr.)=
2337 900 2457 981 „de
2479 898 2715 985 puerili

326 1010 688 1074 imitatione
708 1057 726 1089 ,
772 1029 896 1094 qua
935 1014 1154 1073 auctor
1193 1008 1502 1091 expressit
1541 1007 1677 1071 sive
1717 1006 2049 1089 exscripsit
2073 1003 2285 1069 locum
2309 1008 2377 1070 in
2401 1006 2533 1071 Pis.
2562 1006 2706 1091 §21

318 1115 598 1180 iudicem
649 1116 966 1179 constituo
1014 1132 1564 1198 unumquemque,
1615 1114 1726 1195 qui
1775 1109 2001 1176 subtili
2046 1111 2286 1177 iudicio
2330 1111 2543 1178 valere
2584 1112 2711 1178 sibi

317 1220 663 1287 videbitur.
710 1220 1006 1303 Namque
1046 1216 1182 1283 illic
1220 1218 1470 1305 longior
1505 1216 1802 1302 periodus
1849 1218 2399 1284 vehementissimi
2447 1220 2711 1305 spiritus

315 1330 458 1411 post
527 1326 1068 1390 continuationem
1138 1324 1478 1389 verborum
1551 1325 2081 1410 gravissimorum
2132 1324 2223 1388 sic
2270 1324 2705 1390 concluditur:

317 1432 511 1495 eodem
558 1431 623 1493 in
673 1430 881 1514 templo
919 1469 1006 1478 —
1048 1426 1382 1491 absinthi?
1431 1427 1590 1513 (vid.
1617 1429 1856 1514 supra).
1908 1426 2123 1506 „Huic
2158 1429 2711 1514 ingeniosissimus

317 1534 580 1601 dictioni
632 1532 712 1621 [2]
783 1555 1009 1600 manus
1074 1538 1251 1599 erant
1313 1534 1717 1609 iniiciendae,
1774 1553 1971 1617 eaque
2018 1532 2124 1599 vel
2170 1554 2283 1619 per
2330 1556 2396 1599 se
2442 1535 2704 1602 videba-

319 1647 426 1706 tur
489 1660 834 1726 paucorum
898 1640 1236 1705 verborum
1301 1640 1620 1703 ambitum
1681 1637 2043 1703 illuminate
2105 1640 2446 1707 terminare
2490 1662 2671 1726 posse
2692 1690 2708 1721 ,

319 1754 396 1810 ut
463 1748 521 1810 si
590 1749 734 1831 quis
803 1767 881 1810 ex
943 1747 1160 1809 nativo
1225 1744 1360 1810 solo
1424 1740 1839 1831 magnificum
1906 1743 2125 1809 florem
2173 1746 2342 1811 inter
2388 1746 2519 1813 vile
2569 1746 2710 1813 olus

321 1852 657 1918 transferre
726 1851 914 1935 velit,
978 1858 1044 1916 et
1106 1853 1198 1916 sic
1259 1850 1532 1916 areolam
1611 1870 1793 1915 suam
1872 1854 2029 1915 satis
2107 1870 2174 1916 se
2254 1859 2706 1920 exornatur-um

317 1964 546 2042 speret.
639 1956 776 2023 Iam
823 1960 884 2036 i,
933 1962 998 2022 et
1043 1957 1212 2021 hunc
1257 1955 1471 2021 locum
1518 1974 1785 2020 numera
1828 1958 1894 2019 in
1942 1958 2058 2033 iis,
2110 1958 2343 2042 quibus
2388 1978 2535 2024 suas
2581 1962 2707 2045 ipsi

316 2065 660 2129 sententias
719 2068 1014 2148 repetunt
1076 2064 1300 2149 magni
1363 2060 1756 2146 scriptores.”
1819 2059 2154 2129 Serviebat
2202 2062 2471 2130 Wolfius
2518 2086 2708 2152 argu-

317 2175 532 2236 mento
550 2218 567 2247 ,
635 2177 712 2235 ut
772 2170 1056 2255 spuriam
1121 2167 1304 2234 illam
1369 2188 1500 2233 esse
1545 2169 1896 2233 orationem
1950 2170 2261 2254 probaret.
2358 2170 2531 2238 Nam
2578 2192 2705 2239 non

313 2276 554 2342 multos
637 2276 884 2341 futuros
967 2276 1262 2341 existimo
1282 2322 1298 2353 ‚
1384 2276 1497 2359 qui
1571 2273 1801 2339 Wolfio
1863 2275 1985 2340 hoc
2044 2275 2183 2341 loco
2256 2280 2704 2344 assentiantur.

313 2382 629 2468 Equidem
693 2388 1033 2466 antequam
1083 2382 1220 2445 eius
1265 2380 1460 2445 verba
1500 2382 1780 2465 inspexi,
1832 2380 2144 2465 quaedam
2190 2382 2479 2448 dicturus
2526 2364 2700 2449 eram

315 2487 392 2553 de
449 2488 824 2553 Pisonianae
883 2486 1023 2552 loco
1043 2535 1059 2563 ,
1128 2492 1203 2551 ut
1261 2506 1404 2550 eum
1457 2485 1745 2550 docerem
1795 2505 1834 2551 a
1878 2492 2131 2551 tumore
2175 2492 2515 2556 verborum
2566 2495 2703 2555 tam
2822 2498 2827 2501 “

315 2594 626 2682 exiguum
687 2594 901 2660 abesse
924 2640 938 2662 .
1005 2597 1082 2656 ut
1141 2593 1367 2663 νοθείας
1421 2592 1837 2676 suspitionem
1886 2597 2096 2675 posset
2142 2597 2437 2660 excitare.
2532 2595 2704 2660 Mihi

315 2697 594 2765 Wolfius
640 2720 764 2765 non
810 2699 1142 2784 persuasit.
1193 2695 1399 2762 Verba
1446 2695 1523 2761 de
1571 2695 1779 2761 Domo
1824 2694 1869 2760 l.
1895 2695 1941 2760 1.
1992 2698 2131 2780 ipsa
2178 2697 2595 2783 simplicitate
2642 2705 2709 2765 et

321 2807 629 2873 brevitate
695 2807 924 2894 gravia
983 2810 1150 2869 sunt.
1223 2799 1460 2869 Contra
1523 2805 1592 2866 in
1656 2801 1855 2867 altero
1914 2801 2053 2867 loco
2102 2823 2333 2887 quaero
2352 2853 2371 2888 ,
2420 2804 2575 2890 quid
2621 2805 2707 2870 sit

319 2913 554 2992 „eodem
597 2915 666 2977 in
713 2911 988 2997 templo”
1035 2909 1210 2996 (nam
1261 2909 1338 2974 de
1383 2928 1511 2975 uno
1557 2907 1725 2973 facto
1773 2929 1979 2974 sermo
2028 2911 2146 2996 est)
2201 2915 2267 2975 et
2304 2913 2417 2995 qui
2456 2917 2705 2996 praeter

314 3020 378 3085 h.
405 3019 449 3085 1.
511 3019 746 3085 dixerit
808 3021 998 3083 eodem
1058 3017 1170 3082 loci
1233 3016 1508 3097 vestiqi03
1581 3035 1654 3098 „e
1701 3013 2015 3103 vestigio’'
2064 3017 2219 3081 satis
2265 3021 2491 3082 notum
2514 3063 2531 3094 ‚
2579 3037 2705 3083 non

313 3125 513 3212 illud3
567 3146 752 3212 porro
798 3132 1020 3192 notum
1069 3129 1168 3190 est
1213 3125 1284 3187 in
1327 3124 1519 3186 eodem
1565 3128 1807 3203 veetiyio
1855 3122 2132 3206 temporie
2177 3124 2219 3187 i.
2246 3143 2301 3188 e.
2352 3122 2592 3202 simul,
2640 3129 2705 3190 et

312 3234 554 3316 vestiyio
619 3241 890 3316 temporie
947 3252 1096 3316 pro:
1165 3235 1490 3295 momento
1554 3229 1859 3313 temporis
1914 3225 2121 3314 (Caes.
2170 3229 2232 3294 b.
2278 3231 2402 3296 civ.
2454 3229 2517 3295 ΙΙ
2563 3229 2699 3318 26).

313 3339 614 3425 Temperi
632 3387 649 3417 ,
738 3337 906 3423 quod
979 3335 1264 3422 prom-edi
1331 3354 1516 3420 saepe
1586 3333 1856 3413 dicitur,
1928 3335 2279 3422 vestigium
2354 3341 2523 3402 recte
2592 3337 2700 3402 ad-

313 3446 648 3523 scribitur,
731 3445 840 3510 sed
918 3443 1096 3510 locus
1166 3463 1291 3508 non
1368 3447 1692 3526 movetur,
1767 3461 1893 3507 non
1960 3444 2143 3527 ponit
2209 3444 2509 3530 vestigia.
2606 3442 2701 3508 At

314 3550 563 3617 dicatur
629 3549 794 3616 illud
864 3569 1012 3635 pro:
1085 3569 1158 3615 eo
1225 3548 1365 3614 loco
1431 3553 1498 3613 et
1569 3554 1887 3634 tempore,
1953 3567 2114 3633 quae
2158 3551 2507 3637 vestigium
2570 3551 2701 3614 mei

311 3659 816 3744 memoriamque
893 3655 1211 3722 habebant
1277 3655 1480 3739 accipi
1548 3673 1729 3738 posse
1815 3652 1963 3738 (etsi
2046 3672 2167 3718 non
2254 3651 2441 3718 facile
2534 3653 2699 3718 mibi

312 3764 707 3852 persuadeo),
761 3762 878 3828 illa
934 3767 1104 3829 certe
1166 3761 1358 3826 eodem
1412 3765 1479 3822 in
1537 3759 1750 3841 templo
1796 3756 1947 3822 ferri
1991 3776 2116 3822 non
2160 3763 2444 3843 possunt.
2537 3757 2699 3826 Con·

312 3871 556 3934 socians
635 3890 702 3934 se
796 3889 944 3934 cum
1039 3865 1265 3934 Clodio
1343 3865 1496 3929 Piso
1580 3863 1789 3929 effecit
1806 3910 1825 3945 ,
1894 3866 1970 3928 ut
2038 3859 2355 3929 Ciceronis
2427 3863 2697 3930 exilium

314 3973 384 4038 in
443 3975 720 4039 comitiis
767 3974 1026 4040 tributis
1072 3972 1548 4040 confirmaretur
1567 4019 1584 4047 ‚
1635 3973 1779 4036 tum
1826 3969 1893 4032 in
1939 3973 2163 4034 senatu
2212 3969 2405 4048 tulit,
2452 3975 2528 4035 ut
2573 3969 2699 4036 sibi

315 4081 676 4166 provincia,
723 4098 914 4163 quam
963 4077 1161 4145 vellet
1183 4125 1200 4156 ‚
1249 4075 1714 4144 concederetur.
1763 4075 1851 4140 At
1894 4072 2010 4139 illa
2057 4073 2185 4140 duo
2229 4095 2355 4142 non
2402 4075 2699 4141 distincte

314 4191 792 4270 memorantur;
851 4204 965 4250 nec
1023 4181 1188 4248 fiunt
1249 4181 1471 4248 eodem
1521 4181 1589 4245 in
1652 4177 1813 4246 loco.
1906 4179 2194 4246 Redeant
2254 4183 2460 4268 igitur
2504 4181 2699 4248 verba

313 4293 507 4357 eodem
555 4293 621 4356 in
667 4291 878 4374 templo
925 4309 1000 4355 eo
1016 4338 1035 4374 ,
1083 4287 1249 4354 unde
1294 4286 1520 4373 pedem
1559 4284 1934 4351 intulerunt.
1983 4287 2077 4351 Ac
2114 4287 2240 4351 nisi
2276 4287 2431 4353 haec
2460 4287 2539 4353 ab
2562 4307 2701 4354 ora-

311 4403 448 4465 tore
492 4398 738 4484 prolata
784 4401 1025 4472 essent,
1075 4414 1264 4480 quem
1313 4395 1611 4459 novimus
1655 4393 1726 4456 in
1772 4389 2248 4457 calamitatibus
2294 4393 2427 4458 auis
2465 4391 2695 4459 deacri-

316 4503 534 4572 bendis
573 4505 854 4570 nimium
872 4549 890 4583 ,
933 4521 1048 4568 nec
1094 4500 1172 4568 ad
1220 4505 1676 4588 argumentum
1696 4543 1715 4578 ‚
1762 4497 1931 4584 quod
1977 4517 2161 4586 saepe
2206 4497 2582 4566 variandum
2630 4503 2697 4570 et
