3414 5158
626 331 763 400 290
1692 353 1934 404 «nonno.

716 518 956 598 „Quum
1001 518 1196 584 habet
1244 519 1439 585 codex
1486 519 1524 605 ς
1578 517 1641 597 3,
1690 519 1753 597 5,
1805 519 1914 604 23,
1961 517 2074 598 35,
2123 519 2229 584 61.
2293 518 2599 608 Singulos
2645 521 2853 607 locos,
2901 523 3028 588 ubi

620 629 1024 704 „constanter
1092 625 1287 692 habet
1356 649 1483 690 cum
1501 676 1521 711 ,
1594 632 1745 692 suut
1816 631 2032 692 autem
2106 625 2258 704 146,
2331 632 2550 693 notare
2609 647 2736 695 non
2797 627 3021 706 lubet,

620 736 880 810 „contra
926 729 993 795 in
1038 729 1153 796 lib.
1204 729 1299 796 ΙΙΙ
1348 723 1701 798 adscribam
1757 729 1842 798 13
1889 731 2036 798 illos
2059 781 2074 810 ,
2126 733 2238 799 ubi
2283 737 2382 799 est
2426 733 2622 818 φυκί’.
2692 731 2800 799 Du
2843 733 3024 800 Rutu

708 941 889 1007 Idem
954 941 1313 1009 conferatur
1379 965 1439 1030 p.
1504 943 1589 1008 51
1654 944 1734 1010 de
1793 945 2219 1010 inconstantia
2277 945 2348 1009 in
2405 945 2506 1009 di-
2569 950 2634 1010 et
2680 947 2786 1010 de-
2839 966 3022 1010 usur-

616 1048 845 1135 pando.
912 1049 1241 1132 Diam-iptio
1309 1055 1405 1114 est
1454 1048 1540 1117 '70
1592 1050 1681 1136 (et
1728 1049 1810 1116 ΙΙ.
1860 1047 2012 1136 39),
2058 1051 2374 1135 descriptio
2421 1055 2486 1116 et
2529 1055 2855 1135 descriptae
2898 1049 3018 1118 ali·

618 1157 867 1241 quoties
909 1155 1189 1240 (quater)
1250 1175 1327 1221 ex
1375 1155 1475 1221 sil.
1524 1158 1617 1241 (et
1662 1155 1788 1221 ΙΙΙ.
1846 1156 1929 1225 17
1977 1158 2294 1239 dereqatur
2339 1157 2430 1222 II.
2482 1156 2614 1242 55).
2661 1156 2768 1224 Sic
2805 1157 3018 1222 delecti

616 1266 684 1328 et
730 1262 937 1326 dileat·
988 1265 1438 1348 permutantur
1484 1264 1685 1348 (prius
1730 1268 1899 1328 recte
1924 1283 1998 1318 =
2025 1264 2354 1349 ἐκλεκτοί).

710 1473 898 1540 Vides
977 1496 1103 1541 non
1174 1475 1453 1562 rigidam
1524 1496 1657 1541 esse
1727 1475 1990 1564 regulae
2051 1477 2517 1543 observantiam
2540 1525 2558 1554 ,
2623 1476 2731 1543 sed
2793 1480 3010 1542 tamen

619 1599 820 1666 paene
880 1584 949 1646 in
1014 1584 1309 1648 omnibus
1370 1603 1698 1668 apparere,
1755 1603 1916 1668 quae
1961 1603 2186 1648 norma
2233 1583 2595 1668 praevalere
2641 1583 2896 1660 debeat,
2947 1587 3014 1647 et

614 1685 803 1751 facile
865 1692 960 1752 est
1020 1686 1268 1752 librarii
1334 1689 1826 1754 inconstantiam
1887 1691 2237 1776 corrigere3
2288 1708 2486 1774 pauca
2528 1708 2689 1774 quae
2735 1705 2874 1753 raro
2917 1689 3011 1751 in-

614 1793 965 1860 veniuntur
1010 1800 1075 1858 et
1121 1795 1188 1858 in
1237 1794 1469 1879 quibus
1516 1797 1836 1869 variatur,
1885 1801 2113 1861 cautus
2159 1795 2365 1861 editor
2401 1797 2644 1860 intacta
2678 1793 3004 1878 relinquet.

617 1893 744 1962 Sed
806 1901 1171 1983 quaeritur,
1234 1919 1391 1963 num
1457 1899 1912 1987 orthographia
1975 1900 2204 1965 horum
2253 1900 2599 1984 librorum,
2647 1901 2767 1965 etsi
2815 1900 2900 1964 sit
2941 1900 3009 1962 in

616 2001 937 2088 plerisque
984 2005 1505 2088 repraesentanda
1522 2052 1540 2083 ,
1589 2007 1840 2090 probari
1881 2005 2116 2090 possit,
2156 2026 2312 2071 uum
2358 2009 2494 2092 ipsa
2532 2025 2791 2088 norma,
2819 2023 3008 2090 quam

616 2106 917 2173 librarius
976 2109 1081 2173 hic
1145 2116 1400 2174 secutus
1450 2116 1579 2186 est,
1629 2118 1799 2176 recta
1845 2114 1950 2176 sit.
2009 2112 2203 2193 Quero
2251 2117 2314 2177 et
2359 2113 2571 2199 efaera
2616 2129 2804 2175 nemo
2849 2111 3006 2174 reci-

615 2215 783 2300 piet,
853 2219 1071 2280 contra
1116 2213 1335 2280 nullus
1380 2222 1480 2281 est
1520 2216 1650 2282 fere
1697 2217 1902 2283 editor
1920 2265 1940 2297 ,
1987 2219 2139 2302 quin
2187 2216 2712 2298 assimilationem
2755 2235 3008 2301 praepo-

617 2323 923 2386 sitionum
992 2341 1140 2386 cum
1198 2325 1478 2407 antiquis
1526 2323 1850 2388 codicibus
1895 2328 2172 2389 omittat.
2269 2323 2352 2389 Et
2397 2328 2612 2388 tamen
2659 2323 2886 2387 dubito
2929 2341 3007 2386 an

615 2425 771 2492 haec
814 2426 1271 2514 orthographia
1324 2431 1413 2493 sit
1459 2428 1771 2494 artficiose
1818 2437 1883 2494 et
1931 2434 2147 2514 potius
2195 2430 2272 2494 ad
2312 2429 2775 2515 etymologiam
2817 2447 3002 2513 quam

616 2531 696 2599 ad
736 2535 1316 2619 pronuntiationem
1360 2534 1529 2602 ficta.
1602 2534 1773 2601 Fieri
1823 2539 1992 2601 enim
2042 2556 2168 2601 non
2209 2541 2414 2622 potest
2458 2536 2613 2620 quin
2658 2537 2896 2620 raptim
2947 2539 3009 2599 et

616 2660 801 2725 saepe
859 2639 1029 2707 elata
1082 2641 1389 2707 voeabula
1437 2645 1531 2707 ori
1579 2642 2170 2721 accommodentur3
2221 2652 2366 2708 ante
2413 2641 2678 2708 labiales
2725 2666 2765 2705 π
2813 2660 3006 2725 paene

614 2750 965 2813 necessario
1004 2752 1234 2813 transit
1276 2752 1344 2813 in
1386 2772 1470 2827 m;
1518 2752 1609 2813 ita
1650 2770 1898 2834 quoque
1938 2750 2105 2834 quod
2153 2756 2288 2815 erat
2327 2749 2481 2814 olim
2507 2750 2747 2829 eonleqa
2771 2746 3010 2813 Tiberii

614 2858 901 2938 tempore
954 2855 1144 2919 scribi
1196 2856 1384 2920 desiit
1432 2862 1497 2920 et
1546 2857 1768 2936 eolleqa
1813 2856 2054 2921 factum
2076 2902 2093 2931 ,
2133 2861 2208 2920 ut
2247 2856 2611 2920 observavit
2649 2854 3008 2919 Mommsen

612 2959 879 3046 Ephem.
932 2960 1055 3045 Ep.
1104 2958 1154 3024 I.
1208 2958 1295 3027 '78
1344 2965 1410 3026 et
1460 2961 1784 3043 conleyimn
1821 2962 2160 3042 colleqium3
2199 2980 2315 3026 nec
2357 2962 2692 3045 quisquam
2733 2978 3008 3043 pronun-

612 3064 834 3130 tiando
882 3065 1224 3131 discrimen
1274 3067 1477 3132 facere
1523 3072 1731 3152 potest
1777 3069 1944 3131 inter
1991 3068 2262 3130 adtinere
2306 3072 2371 3131 et
2407 3066 2664 3130 attinere
2680 3112 2696 3143 ‚
2731 3065 3013 3149 obponere

612 3178 679 3237 et
713 3172 1029 3236 usitatum
1082 3193 1369 3255 opponere
1386 3192 1401 3249 ;
1459 3192 1587 3237 non
1635 3172 1874 3236 mirum
1897 3218 1914 3250 ,
1960 3174 2015 3236 si
2061 3172 2446 3237 consuetudo
2491 3191 2617 3237 non
2665 3172 2874 3236 tenuit
2919 3170 3014 3234 in-

602 3278 844 3360 proviso
863 3326 881 3360 ‚
942 3277 1201 3361 inpurus
1220 3322 1237 3355 ‚
1302 3276 1410 3341 sed
1474 3272 1805 3343 Charisius
1869 3276 2107 3362 aliique
2152 3278 2566 3364 grammatici
2607 3276 2822 3340 imbibo
2842 3322 2858 3353 ‚
2903 3275 3012 3338 im-

612 3382 821 3460 bellis,
888 3384 1157 3448 immisso
1224 3384 1621 3469 praecipiunt
1682 3383 1761 3446 cf.
1830 3380 2198 3465 Schneider,
2271 3378 2560 3449 Gramm.
2613 3380 2694 3446 11.
2743 3402 2806 3466 p.
2855 3379 3010 3446 618.

612 3488 699 3553 Et
748 3493 917 3554 certe
962 3488 1251 3575 vulgaris
1298 3490 1737 3574 pronuntiatio
1787 3487 1941 3553 olim
1993 3490 2152 3565 iam,
2207 3486 2429 3553 Plauti
2475 3494 2794 3571 tempore,
2837 3506 3011 3571 prae-

609 3595 955 3679 positiones
1004 3594 1414 3660 assimilabat.
1502 3592 1760 3660 Ourcul.
1813 3593 1944 3657 415
1999 3596 2192 3679 „quia
2243 3595 2625 3659 vestimenta
2671 3611 2843 3669 mea,
2897 3592 3010 3657 ubi

610 3700 969 3767 obdormivi
1016 3701 1228 3766 ebrius
1280 3699 1631 3765 Summano
1656 3745 1672 3778 ‚
1709 3701 1788 3765 ob
1829 3719 1971 3765 eam
2013 3720 2150 3764 rem
2191 3720 2297 3765 me
2335 3718 2556 3765 omnes
2578 3696 3008 3763 Summanum

607 3807 905 3887 vocant”;
979 3810 1237 3892 opinor,
1310 3806 1794 3884 sub-manabat,
1875 3804 2267 3891 perpluebat.
2359 3804 2554 3870 Poen.
2626 3802 2682 3869 Ι.
2754 3803 2815 3868 2.
2885 3800 3004 3881 67,

492 3910 497 3915 ’
613 3912 965 3990 „Marma
1015 3912 1250 3976 Assum
1299 3912 1465 3996 apud
1512 3918 1579 3975 te
1627 3932 1870 3976 eccum.
1920 3914 2441 3977 Aeonssrooms.
2489 3908 2630 3997 Ego
2674 3908 2882 3975 elixus
2917 3912 3006 3973 sis

611 4014 823 4083 v010.”
880 4014 1005 4081 Sed
1056 4013 1254 4080 simul
1301 4018 1457 4080 satis
1502 4018 1767 4101 antiqua
1813 4016 2106 4101 exempla
2149 4015 2479 4103 neglectae
2525 4014 3006 4081 assimilationis

608 4124 1048 4190 inveniuntur.
1088 4206 1110 4213 ᾖ
1136 4122 1463 4187 Nimirum
1530 4124 1664 4187 iam
1733 4142 1772 4187 a
1826 4123 2035 4207 prima
2081 4122 2351 4187 infantia
2396 4142 2652 4209 gressus
2695 4142 2843 4187 suos
2891 4123 3004 4187 ob-

610 4230 902 4296 servabat
951 4248 1159 4294 sermo
1203 4227 1441 4294 latinus
1488 4233 1555 4293 et
1602 4229 2050 4315 grammatici,
2100 4232 2320 4312 poetae
2365 4228 2561 4293 etiam
2601 4226 2892 4293 Lucilius
2938 4232 3004 4294 et

612 4334 833 4401 Attius
852 4384 871 4411 ,
920 4334 1249 4401 edicebant
1296 4334 1700 4401 scribendum
1751 4354 1886 4399 esse
1919 4334 2268 4399 secundnm
2317 4335 2634 4421 originem
2683 4334 3002 4400 distinctis

609 4439 977 4519 elementis,
1054 4460 1243 4526 saepe
1320 4446 1537 4507 contra
1610 4441 2237 4525 pronuntiationem3
2317 4439 2427 4505 sed
2499 4458 2574 4505 ea
2640 4442 2802 4505 ratio
2871 4458 3000 4507 non
