3414 5158
1380 341 1700 390 nonanus.
2608 323 2736 390 18¹7

338 526 476 570 rere
492 553 510 582 ,
559 507 612 570 si
661 507 877 590 spuria
913 505 1397 572 eliminavisses.
1445 505 1761 592 Expedita
1798 506 1958 572 haec
1996 510 2093 574 est
2138 510 2299 574 ratio
2340 510 2731 576 recensiones

343 612 677 678 scribendi.
771 611 863 678 Ut
921 610 1166 698 reliqua
1213 617 1457 679 taceam
1506 633 1668 698 quae
1712 634 1940 698 repone
1952 634 2018 679 re
2064 634 2316 698 possem
2368 616 2422 680 si
2473 613 2735 693 liberet,

347 738 497 782 nam
568 717 778 783 multa
835 739 961 784 non
1023 717 1344 784 intellexit
1409 739 1535 804 quo
1595 740 1782 785 sensu
1848 720 2051 805 accipi
2100 719 2399 786 deberent
2415 769 2433 798 ,
2481 723 2742 808 iniquus

349 823 543 890 iudex
587 844 667 889 ne
712 824 834 890 hoc
880 824 1140 910 quidem
1191 825 1717 892 animadvertisse
1760 825 2020 892 videtur
2037 872 2056 903 ,
2106 826 2467 893 cuiusmodi
2513 828 2602 892 sit
2645 831 2749 893 to-

351 931 482 994 tius
528 929 980 1015 disputationis
1026 933 1208 1015 quasi
1254 930 1743 996 fundamentum
1762 979 1779 1008 ,
1821 951 1947 1016 quo
1990 930 2237 1016 reliqua
2276 934 2492 997 omnia
2529 934 2748 998 innixa

350 1036 496 1100 sint.
593 1034 698 1100 Ad
777 1035 1145 1121 perplexam
1215 1039 1650 1121 quaestionem
1718 1037 2089 1103 solvendam
2152 1040 2221 1102 in
2280 1041 2485 1122 operis
2545 1039 2753 1125 priore

349 1146 529 1226 parte
591 1144 837 1206 tentavi
898 1147 975 1206 ut
1019 1143 1371 1209 invenirem
1421 1147 1539 1208 ποῦ
1589 1143 1771 1216 calm
1790 1192 1809 1220 ‚
1858 1164 2009 1210 nam
2059 1145 2277 1209 omnia
2324 1165 2483 1229 quae
2532 1144 2753 1230 pleris-

351 1266 472 1331 que
534 1247 836 1328 ἀλλότρια
884 1249 1024 1313 visa
1069 1255 1253 1333 sunt,
1303 1253 1526 1314 eodem
1573 1255 1793 1316 tamen
1840 1247 2144 1326 tendunt3
2194 1250 2419 1315 deinde
2466 1250 2533 1316 id
2583 1252 2751 1317 mihi

353 1352 527 1418 haud
573 1354 842 1419 absurde
890 1355 1322 1421 observavisse
1369 1355 1590 1422 videor
1605 1403 1621 1433 ,
1675 1355 1845 1440 quod
1886 1355 2237 1420 declarabit
2275 1355 2752 1424 consulentibus

357 1479 422 1542 p.
491 1456 642 1523 156.
734 1458 876 1525 Non
941 1462 1162 1543 opinor
1206 1481 1315 1526 me
1351 1481 1642 1526 meorum
1688 1462 1968 1524 nimium
2016 1480 2151 1526 esse
2203 1466 2591 1540 amatorem,
2644 1463 2755 1528 sed

359 1569 670 1649 quantum
745 1565 931 1631 video
949 1611 964 1642 ,
1038 1566 1294 1630 etiamsi
1354 1568 1423 1630 in
1475 1567 1749 1630 minutis
1810 1567 2149 1630 erraverim
2170 1614 2187 1643 ,
2256 1566 2423 1650 quod
2486 1587 2611 1632 non
2659 1573 2757 1632 est

359 1669 565 1755 pudor
643 1668 924 1736 confiteri
946 1720 964 1753 ,
1027 1670 1105 1736 de
1164 1676 1338 1736 statu
1390 1671 1668 1737 'minime
1727 1671 2009 1736 deiectus
2067 1693 2233 1736 sum.
2328 1672 2475 1738 Non
2541 1678 2755 1739 tamen

359 1779 598 1842 iterum
645 1779 963 1863 attingam
982 1823 1022 1859 ‚¹
1053 1776 1223 1862 quod
1267 1780 1409 1842 tum
1461 1780 1616 1843 satis
1663 1777 2021 1862 explicavi,
2069 1779 2177 1843 sed
2224 1782 2537 1864 praesenti
2584 1800 2755 1846 occa-

361 1884 536 1950 sione
612 1888 945 1949 contentus
1014 1904 1119 1950 ero
1137 1931 1154 1960 ,
1232 1886 1288 1948 si
1358 1889 1683 1968 corruptos
1756 1882 2001 1968 aliquot
2072 1882 2344 1950 Homeri
2413 1883 2761 1952 versiculos

363 1989 698 2054 emendare
763 1995 999 2073 potero.
1092 1989 1312 2064 Quum
1364 1996 1581 2055 autem
1636 1991 2023 2071 Quaestioneae
2068 2010 2247 2055 meae
2294 1992 2363 2056 in
2410 2010 2759 2075 paucorum

361 2116 590 2161 manus
651 2097 900 2161 venisse
965 2095 1304 2161 videantur
1321 2145 1338 2179 ‚
1406 2095 1471 2160 N
1473 2095 1741 2161 auckius
1804 2100 1972 2161 certe
2017 2116 2141 2161 non
2189 2095 2388 2174 vidit,
2438 2101 2761 2180 praeterea

362 2201 570 2290 tribus
615 2202 828 2266 verbis
873 2199 1246 2288 significabo
1293 2200 1624 2286 plerosque
1670 2200 1845 2267 locos
1864 2247 1881 2278 ,
1924 2221 2081 2286 quos
2122 2200 2277 2266 olim
2318 2221 2537 2268 sanare
2574 2222 2758 2268 cona-

362 2311 467 2371 tus
515 2326 681 2372 sum.
729 2306 990 2372 Faciam
1037 2308 1304 2371 initium
1352 2308 1430 2372 ab
1479 2305 1781 2394 Odyssea.

457 2550 700 2619 Vitiose
745 2549 959 2617 editur
1005 2573 1050 2613 a
1098 2547 1220 2617 3¹7:

638 2657 804 2727 εἰδὼς
854 2657 1044 2722 αἰπὺν
1088 2654 1361 2736 ὄλεθρον,
1411 2656 1545 2720 ἐπεὶ
1594 2654 1711 2735 πρό
1756 2658 1805 2719 οἱ
1857 2654 2193 2731 εἴπομεν
2244 2656 2441 2731 ἡμεῖς.

366 2764 655 2833 Coniecit
721 2763 1053 2829 Nauckius
1122 2764 1651 2847 praepositionem
1716 2762 1831 2842 πρό
1892 2761 2353 2826 eliminandam
2414 2780 2547 2825 esse
2567 2813 2583 2835 ,
2635 2761 2745 2827 sed

367 2874 563 2937 etiam
606 2868 860 2936 facilius
906 2870 1178 2935 scribere
1223 2870 1492 2953 poteris:
1561 2868 1692 2932 ἐπεὶ
1745 2866 2297 2946 προεείπομεν
2348 2868 2545 2943 ἡμεῖς.
2648 2864 2756 2931 Sic

371 2976 870 3055 ὑπεκπροέλυσαν
915 2975 1158 3062 legitur
1210 2974 1251 3056 ζ
1291 2972 1402 3039 88.

460 3218 768 3286 Mercurii
815 3219 1258 3284 describuntur
1304 3218 1477 3283 ’καλοὶ
1527 3216 1753 3282 πέδιλα
1780 3266 1796 3294 ,
1850 3241 1893 3281 a
1941 3216 2067 3282 9¹7:

640 3324 999 3404 ἀμβρόσια,
1047 3325 1350 3405 χρύσειοι,
1400 3324 1486 3388 τά
1534 3348 1640 3401 μιν
1686 3322 1925 3404 Φέρον
1977 3322 2125 3400 ἠμὲν
2174 3324 2277 3403 ἐφ’
2329 3320 2513 3403 ὑγρόν

645 3431 736 3507 ἥδ’
785 3431 883 3495 ἐπ’
932 3431 1222 3511 ἀπείρονα
1271 3438 1510 3514 γαῖαν,

373 3538 482 3604 sed
544 3536 646 3603 ἐπὶ
693 3538 811 3603 τῶν
860 3536 1183 3602 ἀθανάτων
1232 3540 1483 3623 requiro
1529 3556 1821 3621 praesens
1865 3540 2122 3619 tempus
2170 3533 2426 3616 φέρει.
2526 3534 2764 3601 Eadem

371 3646 753 3710 correctione
803 3665 960 3729 opus
1007 3648 1104 3709 est
1153 3653 1223 3709 Ω
1275 3643 1400 3709 341
1454 3648 1519 3708 et
1565 3666 1596 3706 ε
1647 3640 1749 3705 45.
1804 3638 1903 3707 Of.
1956 3640 2072 3721 Qu.
2126 3640 2321 3705 Hom.
2376 3662 2437 3725 p.
2494 3638 2646 3706 109.

467 3887 886 3954 Telemachus
903 3887 1216 3966 „Mentem
1269 3888 1346 3953 ad
1396 3906 1655 3953 coenam
1704 3888 2039 3968 invitarat,
2092 3884 2316 3951 deinde
2362 3909 2407 3949 α
2458 3883 2622 3950 136;

739 3992 1012 4075 χέρνιβα.
1057 3992 1114 4055 δ’
1164 3993 1526 4075 ἀμφίπολος
1577 3990 1819 4073 προχόῳ
1870 3991 2137 4071 ἐπέχευε
2185 3990 2457 4072 Φέρουσα

738 4110 902 4181 καλῇ
949 4100 1204 4181 χρυσείῃ
1258 4099 1404 4179 ὑπὲρ
1451 4097 1762 4179 ἀργυρέοιο
1810 4095 2075 4174 λέβητος
2100 4144 2117 4175 ,

739 4206 1073 4283 νίψασθαι·
1121 4205 1294 4285 παρὰ
1342 4206 1404 4271 δὲ
1453 4205 1632 4283 ξεςῆν
1679 4203 1981 4269 ἐτάνυσσε
2026 4202 2363 4284 τράπεζαν.

377 4311 620 4379 Deinde
674 4313 850 4397 proci
895 4313 1355 4397 superveniunt
1401 4333 1494 4377 vs.
1549 4310 1705 4376 144:
1758 4313 1817 4383 ἐς
1868 4311 1920 4375 δ’
1970 4306 2143 4384 ἦλθον
2190 4316 2489 4387 μνηςῆρες
2542 4308 2769 4386 ἀγήνο-

378 4444 475 4500 ρες
496 4467 514 4499 ,
564 4422 630 4484 et
673 4438 864 4485 coena
911 4420 1250 4503 apponitur
1267 4468 1285 4501 ,
1332 4420 1400 4483 in
1447 4439 1573 4505 qua
1617 4422 1869 4504 praeter
1912 4418 2137 4483 vinum
2186 4416 2369 4502 panis
2410 4414 2762 4500 praebetur,
