3414 5158
1435 303 1759 353 nonanus.
2651 283 2783 350 343

394 468 524 536 Hic
568 487 694 534 non
740 472 837 534 ost
878 467 1057 534 locus
1095 468 1382 553 optativo
1421 473 1488 534 ot
1525 469 1776 553 requiro
1815 467 2173 549 μιγείης.
2237 465 2367 534 Cur
2399 466 2554 533 hacc
2579 466 2783 533 forma

392 575 797 663 praeferenda
833 577 956 654 sit,
996 595 1121 640 non
1161 575 1415 658 μιγήῃς,
1457 577 1649 640 sicuti
1686 573 1876 640 hodie
1917 573 2201 661 plerique
2227 575 2548 658 scribunt,
2576 577 2780 638 osten·

396 683 543 749 dere
604 687 865 749 conatus
915 701 1060 746 sum
1106 683 1175 746 in
1222 679 1346 760 Qu.
1396 679 1591 745 Hom.
1638 701 1701 766 p.
1752 679 1835 745 81
1858 728 1877 759 ,
1925 701 2040 746 nec
2087 679 2372 746 multum
2423 680 2634 746 tribuo
2681 700 2784 745 ar-

393 794 745 878 gumentO,
794 807 918 874 quo
962 785 1285 874 Borgkius
1331 787 1539 851 utitur
1584 786 1661 853 ad
1711 785 1996 874 Thoogn.
2053 783 2205 852 689.

489 1013 536 1068 Γ
588 999 715 1070 ¹74:

665 1109 717 1172 οἱ
764 1108 819 1174 3⁹
866 1105 1049 1174 ἄλλοι
1096 1107 1417 1190 Φιλότητα
1461 1107 1567 1173 καὶ
1615 1104 1790 1186 ὅρκια
1839 1106 1997 1176 me&
2043 1103 2350 1194 ταμόντες

666 1213 981 1280 ναίοιτε
1030 1213 1251 1294 Τροίην
1296 1213 1693 1298 ἐριβώλακα,
1741 1212 1833 1278 το)
1885 1212 1946 1278 δὲ
1996 1211 2280 1277 νεέσθων.

390 1321 518 1388 Hic
562 1319 1009 1387 consideranda
1052 1325 1147 1386 cst
1192 1320 1539 1384 Aristonici
1588 1318 1950 1385 adnotatio:
1982 1319 2034 1394 ,ἦ
2085 1318 2274 1393 διπλῆ
2319 1315 2774 1399 περιεςιγμένη,

390 1422 483 1492 ὅτι
526 1425 847 1500 Ζηνόδοτος
888 1425 1122 1506 γράφει
1171 1425 1568 1502 ναίοιμεν.
1616 1431 1858 1504 γελοῖον
1894 1425 1970 1492 δέ,
1995 1425 2120 1494 ἕςιν
2144 1424 2362 1491 ἑαυτὸν
2385 1423 2787 1505 καταριθμεῖν

392 1541 517 1605 τοῖς
559 1528 760 1610 ὕςερον
798 1533 1098 1607 οίκῆσουσι
1141 1533 1251 1607 τὴν
1282 1531 1543 1612 Τροίαν,
1586 1529 2106 1606 ἀδηλότητος
2155 1531 2392 1606 οὔσης
2439 1532 2491 1595 εἰ
2520 1531 2779 1614 νικήσει,

392 1639 507 1705 ubi
571 1639 777 1706 obiter
837 1639 1113 1725 corrige:
1166 1638 1469 1712 ἀδήλου
1518 1635 1641 1702 ἔτι
1691 1635 1939 1710 ὄντος.
2035 1637 2176 1704 Ηοο
2225 1657 2373 1704 vero
2419 1628 2780 1703 observavit

392 1743 833 1810 Aristarchus:
899 1743 1231 1810 ferendum
1294 1764 1419 1808 non
1481 1749 1578 1809 est
1624 1743 1932 1828 ναίοιμεν,
1981 1743 2089 1809 sed
2139 1744 2305 1809 unde
2353 1765 2427 1809 oa
2472 1745 2783 1828 scriptura

388 1857 538 1916 nata
584 1847 723 1918 est?
770 1848 984 1916 Multo
1032 1851 1391 1916 accuratius
1438 1869 1631 1935 quam
1680 1849 2058 1935 plerumque
2106 1847 2242 1915 fieri
2290 1848 2486 1924 solet,
2537 1851 2774 1914 exami-

388 1956 630 2024 nandae
664 1954 827 2020 mihi
865 1954 1166 2021 videntur
1202 1953 1540 2038 lectiones,
1585 1974 1747 2040 quae
1785 1957 1852 2019 in
1876 1953 2179 2020 Zenodoti
2205 1954 2482 2031 editione
2502 1953 2778 2018 fuerunt.

388 2062 777 2147 Cot-ruptum
820 2066 917 2127 est
954 2060 1224 2139 ναίοιμεν
1244 2109 1261 2139 ,
1297 2061 1409 2126 sed
1435 2081 1649 2127 veram
1676 2062 2061 2146 scripturam
2087 2061 2262 2126 intus
2288 2057 2486 2136 celat,
2513 2045 2774 2144 nempe:

390 2169 669 2234 ναίετε
714 2167 885 2244 μέν.
976 2166 1173 2233 Recte
1220 2173 1437 2233 autem
1485 2167 1758 2244 ναίοιμεν
1805 2166 2048 2256 legitur
2095 2169 2164 2232 in
2199 2169 2526 2254 praeconis
2564 2167 2785 2232 verbis

388 2295 481 2342 vs.
533 2270 690 2339 257.
765 2272 859 2338 Do
906 2294 1000 2339 vs.
1054 2272 1185 2338 102
1232 2273 1457 2339 dubito
1505 2273 1854 2340 debeamne
1900 2273 2212 2358 praeferre
2250 2269 2656 2353 διακρινθεῖτε
2702 2293 2780 2338 an

389 2377 788 2459 διακρίνθητε.
861 2377 996 2442 Alii
1044 2378 1327 2444 videant.

484 2600 531 2655 Γ
590 2588 721 2657 172
742 2637 979 2769 ,αἰδοῖός
1027 2696 1097 2761 τέ
1144 2718 1246 2773 μοι
1294 2696 1461 2773 ἐσσί,
1514 2696 1714 2777 Φίλε
1764 2696 2036 2778 ἑκυρέ,
2089 2694 2274 2771 δεινός
2323 2722 2412 2763 τε.

389 2802 601 2891 Lego:
648 2804 902 2885 φίλος
954 2804 1261 2884 ἐκυρδς.
1332 2800 1426 2869 Of.
1482 2802 1600 2884 Qu.
1654 2800 1850 2869 Hom.
1899 2824 1962 2889 p.
2018 2802 2167 2868 136.

483 3011 530 3066 Γ
572 2998 927 3190 ἐιῖῧὸἑρελεν
970 3105 1229 3181 θάνατός
1277 3130 1414 3185 μοι
1464 3107 1701 3173 ἁδεῖν
1747 3104 1971 3184 κακός,
2029 3104 2266 3172 ὁππότε
2315 3106 2504 3187 δεῦρο.

390 3211 783 3299 Neglectum
836 3212 1171 3299 digamma
1218 3212 1479 3279 offendit
1525 3213 1898 3279 Nauckium
1919 3263 1936 3298 ,
1985 3215 2097 3298 qui
2142 3230 2368 3279 verum
2415 3233 2550 3279 esso
2583 3215 2792 3299 suspi-

400 3326 589 3385 catur
649 3316 912 3389 θάνατός
963 3340 1046 3395 με
1096 3318 1277 3383 ἑλεῖν.
1374 3316 1780 3384 Probabilius
1824 3324 1954 3384 est:
2019 3317 2280 3391 θάνατός
2328 3343 2425 3397 με
2472 3318 2640 3397 λαβ
2656 3326 2797 3384 εῖν.

392 3423 493 3491 Of.
544 3424 664 3505 Qu.
716 3422 914 3489 Hom.
963 3443 1026 3508 p.
1081 3419 1234 3488 128.

489 3630 534 3687 Γ
584 3620 765 3695 439:
866 3667 873 3675 ·

374 3722 381 3731 ’
756 3731 857 3792 νῦν
900 3728 1043 3805 μὲν
1092 3726 1250 3808 γὰρ
1298 3725 1623 3799 Μενέλαος
1671 3726 1940 3801 ἐνίκησεν
1987 3728 2100 3794 σὺν
2150 3726 2416 3813 Ἀθήνη,

754 3842 945 3901 κεῖνον
993 3835 1046 3899 δ’
1096 3831 1273 3907 αὖτις
1323 3832 1469 3912 ἐγώ.

390 3942 656 4009 Malim:
708 3944 809 4006 νῦν
858 3940 997 4019 ἐμὲ
1045 3940 1192 4019 μὲν
1238 3940 1583 4014 Μενέλαος.

485 4163 530 4220 Γ
582 4151 745 4220 453;

617 4264 684 4326 οὐ
730 4260 845 4337 μὲν
892 4262 1020 4342 γὰρ
1067 4260 1368 4342 Φιλότητί
1412 4262 1481 4339 γ’
1528 4247 2028 4336 ἐκεύθανον,
2079 4260 2137 4327 εί
2177 4284 2271 4335 τις
2318 4260 2523 4329 ἴδοιτο.

393 4365 599 4453 Lego:
650 4364 988 4433 ἔκευθον
1034 4364 1146 4431 ἄν.
1219 4358 1317 4435 Cf.
1366 4366 1489 4447 Qu.
1536 4367 1735 4433 Hom.
1785 4389 1846 4453 p.
1902 4366 2051 4433 100.
