3414 5158
642 341 734 409 42
1647 357 2007 406 mmmm.

643 528 792 593 bam
854 546 1108 592 omnem
1167 523 1494 603 ἁβρότητα
1554 525 1636 590 ab
1694 523 1829 590 illis
1873 523 2045 590 ludis
2088 525 2279 611 long-e
2324 525 2559 591 abesse.
2652 523 2759 590 Sic
2804 529 3019 590 tamen

643 633 871 702 Isthm.
918 632 954 698 I
1004 629 1090 695 50
1137 636 1201 697 et
1245 631 1472 696 itidem
1523 629 1783 716 Olymp.
1836 629 1891 694 V
1940 629 2014 696 ¹7:
2064 630 2157 695 τὶν
2197 631 2261 696 δὲ
2294 630 2467 703 κῦδος
2510 629 2701 710 ἁβρὸν
2738 629 3017 703 νικάσαις

644 739 916 813 ἀνέθηκε.
982 735 1217 804 Contra
1277 741 1448 803 recte
1511 735 1764 822 Olymp.
1814 735 1903 800 VI
1952 737 2035 801 56
2082 737 2343 802 infantis
2390 757 2605 803 recens
2652 739 2785 802 nati
2834 742 3016 812 σῶμα

646 845 838 925 ἁβρὸν
885 848 1000 909 est.
1072 842 1364 908 Dicerem
1411 843 1548 908 sine
1594 845 2019 908 controversia
2064 864 2290 908 verum
2335 863 2468 908 esse
2516 842 2689 913 κῦδος
2754 842 2797 906 ἄ.
2816 841 2939 922 3ρό
2956 865 3016 925 ν,

641 949 754 1016 sed
817 950 887 1013 id
955 969 1062 1016 me
1121 951 1352 1014 retinet
1410 949 1579 1034 quod
1645 949 1815 1034 apud
1878 955 2121 1016 veteres
2177 955 2396 1035 poetas
2460 949 2846 1016 adiectivum
2892 967 3018 1013 non

641 1056 903 1142 reperio.

735 1267 958 1334 Brevis
1017 1287 1162 1350 er0,
1210 1269 1302 1332 ait
1352 1266 1666 1333 Pindarus
1711 1265 1937 1332 Isthm.
1987 1267 2019 1332 Ι
2068 1266 2191 1333 63:
2240 1265 2517 1332 πολλάκι
2565 1265 2671 1332 καὶ
2716 1267 2787 1331 τὸ
2832 1289 3019 1330 σεο-ω·

646 1373 918 1448 παμένον
965 1373 1362 1451 εὐθυμίαν
1409 1371 1598 1452 μείζω
1646 1373 1840 1452 φέρει.
1904 1371 2045 1438 Ηοο
2094 1375 2149 1438 si
2197 1395 2421 1439 verum
2468 1379 2605 1450 est,
2655 1371 2839 1439 stulti
2882 1373 3019 1438 vic-

643 1485 810 1544 tores
857 1478 1114 1544 fuerunt
1134 1527 1151 1555 ,
1201 1480 1310 1563 qui
1357 1477 1707 1544 Pindarum
1757 1499 1980 1564 rog-are
2026 1478 2311 1544 solebant
2354 1486 2429 1544 ut
2474 1485 2866 1564 reportatum
2908 1478 3018 1542 ho·

645 1603 864 1650 norem
924 1587 1204 1650 carmine
1265 1583 1629 1650 celebraret.
1726 1585 1848 1650 Sed
1908 1585 2027 1649 hoc
2089 1584 2245 1650 dicit
2304 1606 2841 1671 supervacaneum
2886 1605 3019 1650 esse

645 1711 862 1756 omnes
943 1711 1308 1777 percensere
1367 1689 1680 1756 Herodoti
1743 1689 2031 1756 Thebani
2076 1693 2367 1758 'virtutes
2384 1738 2401 1768 ,
2464 1711 2619 1776 quas
2680 1689 2865 1756 facile
2924 1693 3017 1754 est

643 1797 952 1881 suspicari
1021 1796 1382 1861 cuiusmodi
1449 1798 1596 1860 sint.
1689 1795 1835 1861 Hoc
1902 1799 1969 1862 in
2038 1794 2298 1862 Graecis
2357 1799 2585 1881 inerit,
2648 1798 2705 1860 si
2763 1815 3016 1861 mecum

641 1926 671 1968 ε
689 1904 722 1968 ὖ
740 1925 774 1968 υ
791 1925 843 1980 μ
859 1925 888 1966 ν
905 1901 930 1965 l
941 1925 984 1965 α
1003 1925 1032 1966 ν
1076 1902 1398 1967 rescribes,
1446 1899 1847 1966 Vocabulum
1887 1906 1984 1967 est
2018 1903 2367 1968 secundum
2391 1902 2752 1990 analogiam
2774 1900 3016 1968 fictum.

739 2111 1194 2201 Cleonymidae
1213 2161 1230 2190 ‚
1279 2118 1356 2179 ut
1399 2117 1496 2179 est
1541 2113 1775 2180 Isthm.
1820 2113 1928 2180 ΠΙ
1974 2112 2088 2180 31;

1103 2220 1322 2285 οἲκοθεν
1369 2219 1658 2288 τάλαισιν
1706 2217 1958 2286 ἅπτονθ’
2006 2224 2397 2302 ’Ἡρακλείαις

1097 2323 1233 2392 καὶ
1279 2325 1500 2402 μηκέτι
1548 2325 1928 2405 μακροτέραν
1977 2326 2259 2392 σπεύδειν
2307 2327 2555 2406 ἀρετάν.

643 2430 773 2496 Hic
832 2450 1048 2496 omnes
1110 2432 1564 2516 propemodum
1632 2434 2006 2518 interpretes
2052 2433 2389 2498 haeserunt
2433 2432 2721 2516 nihilque
2765 2452 2890 2498 non
2933 2433 3017 2496 iis

645 2539 712 2603 in
759 2542 1042 2604 mentem
1092 2539 1309 2604 venit:
1357 2541 1440 2615 τῷ
1491 2537 1755 2617 μηκέτι,
1805 2539 1992 2621 μαίνῃ
2038 2539 2091 2605 δ’
2139 2536 2259 2617 ἔτι,
2309 2535 2384 2604 ὧν
2430 2538 2653 2617 μηκέτι
2692 2537 3015 2617 μακρότερ’

647 2636 748 2727 ἦν,
820 2642 1156 2723 ἀμάχανον
1225 2644 1556 2723 ἀκροτέραν
1625 2644 1909 2729 σπεύδειν
1980 2649 2044 2710 et
2112 2648 2229 2709 τᾶν
2298 2646 2405 2709 οὐκ
2464 2646 2546 2709 ἔνι
2609 2642 3013 2723 μακροτέραν.

642 2747 941 2815 Etiamne
986 2751 1152 2814 mihi
1196 2750 1419 2814 licebit
1466 2752 1890 2834 suspicionem
1938 2748 2267 2834 promere?
2315 2750 2595 2838 Legam:
2655 2752 2697 2813 ὦ
2716 2775 2747 2820 ς
2795 2748 3013 2826 μηκέτι

643 2853 1028 2933 μακροτέραν
1077 2853 1360 2918 σπεύδειν
1405 2852 1653 2931 ἀρετάν.
1701 2855 2047 2938 Postquam
2089 2855 2167 2919 ad
2206 2876 2537 2920 summum
2574 2860 3015 2940 pervenerunt,

645 2956 1210 3044 Cleonymidarum
1249 2957 1471 3024 laudes
1509 2962 1907 3025 intermissae
1944 2966 2124 3044 sunt,
2168 2967 2438 3046 quatuor
2463 2960 2870 3026 bellatoribus
2890 2979 3017 3023 uno

642 3064 746 3130 die
790 3066 988 3130 atroci
1031 3062 1269 3148 proelio
1315 3064 1674 3139 absumtis„

732 3273 962 3339 Isthm.
1025 3274 1132 3339 III
1194 3275 1276 3339 81
1342 3282 1775 3342 memorantur
1838 3277 2134 3355 inferiae,
2196 3298 2353 3362 quas
2414 3276 2699 3343 Thebani
2762 3278 3017 3343 mittere

641 3377 929 3445 solebant
988 3378 1292 3468 Megarae
1353 3380 1503 3447 filiis
1523 3431 1541 3466 ‚
1606 3402 1762 3467 quos
1810 3382 2117 3449 Hercules
2164 3384 2377 3449 furens
2421 3384 2759 3449 interfecit.
2851 3380 3017 3447 Sunt

638 3484 900 3551 Pindari
946 3487 1172 3552 verba:

1184 3589 1430 3671 ἔμπυρα
1474 3596 1961 3672 χαλκοαρᾶν
2010 3594 2163 3659 ὀκτὼ
2214 3592 2539 3670 θανόντων,

1179 3691 1277 3770 οὓς
1324 3696 1603 3778 Μεγάρα
1649 3700 1791 3763 τέκε
1838 3699 1887 3763 οἵ
1912 3697 2214 3779 “Κρεοντὶς
2262 3698 2444 3769 υἱούς.

636 3801 764 3869 Hic
826 3805 1111 3889 primum
1173 3804 1510 3871 audiamus
1569 3804 1972 3871 Dissenium:
2018 3807 2389 3884 χαλκοαρᾶν
2437 3826 2573 3867 aere
2618 3810 3014 3885 armatorum,

639 3909 1066 3973 bellicosorum.
1143 3908 1481 3998 vulgatior
1549 3918 1643 3975 est
1712 3912 1911 3975 altera
1978 3910 2183 3975 forma
2255 3909 2576 3991 χαλκήρης
2600 3956 2615 3986 ,
2677 3908 2756 3973 de
2817 3908 3012 3973 armis

635 4013 904 4099 aliisque
973 4016 1160 4081 rebus
1228 4017 1463 4099 posita3
1531 4036 1698 4079 nunc
1758 4020 2083 4095 χαλκήρης
2146 4015 2223 4080 ad
2290 4034 2583 4099 personas
2630 4012 3010 4079 translatum

635 4126 732 4186 est
792 4128 867 4185 ut
930 4119 1154 4185 Isthm.
1220 4119 1313 4185 IV
1380 4120 1488 4184 41.
1581 4119 1813 4185 Errant
1872 4124 1981 4205 qui
2020 4122 2197 4207 ferre
2246 4142 2437 4185 caeso-3
2478 4121 2584 4186 hic
2631 4117 3012 4205 explicant.”

634 4222 730 4289 De
787 4224 1250 4312 significatione
1294 4225 1488 4291 huius
1535 4225 1836 4291 adiectivi
1880 4228 2096 4291 omnia
2142 4226 2447 4309 concedo,
2494 4224 2603 4291 sed
2648 4243 2812 4310 nego
2856 4241 3011 4307 pue·

633 4348 735 4393 ros
794 4330 989 4395 fuisse
1051 4353 1188 4395 aere
1241 4342 1502 4394 armatos
1546 4329 1651 4395 vel
1697 4330 2013 4395 bellicosos.
2066 4330 2137 4396 Si
2184 4331 2453 4395 fuissent
2474 4378 2490 4407 ,
2542 4328 2857 4414 quomodo
2904 4347 3011 4393 eos

629 4432 939 4505 Hercules
997 4440 1309 4521 potuisset
1353 4431 1690 4521 superare?
1739 4436 1891 4517 Πρὸς
1940 4436 2093 4501 ὀκτὼ
2142 4437 2261 4504 οὐδ’
2312 4439 2645 4516 Ἡρακλῆς.
2738 4432 2861 4500 Sed
2910 4432 3011 4511 βι-
