3414 5158
605 271 740 338 344
763 255 767 259 ’
1629 286 1951 339 iromus.

693 468 750 523 Δ
803 456 973 525 338.
1149 558 1192 627 ὦ
1243 562 1364 627 υἱὲ
1410 568 1651 628 Πετεῶο
1698 560 2039 641 διοτρεφέος
2084 562 2413 641 βασιλῆος.

601 670 811 761 Lege:
862 671 1009 745 υἱός.
1083 668 1184 739 Of.
1235 669 1354 751 Qu.
1404 668 1597 736 Hom.
1651 690 1713 755 p.
1770 666 1917 733 136.

693 882 960 950 Turbati
1019 888 1172 949 sunt
1234 904 1452 950 versus
1516 894 1569 948 Δ
1625 881 1757 950 378
1820 904 1954 969 sqq.
2049 883 2220 949 Mihi
2267 904 2455 950 verus
2500 884 2653 951 ordo
2700 906 2836 952 esse
2880 888 2981 951 vi-

599 991 817 1057 detur:

782 1095 932 1164 374.
1841 1098 1906 1162 οὖ
1953 1096 2080 1177 γὰρ
2128 1096 2335 1176 ἔγωγε

784 1202 936 1271 375.
985 1203 1197 1280 ἤντησ’
1245 1204 1376 1271 οὐδὲ
1424 1204 1586 1271 ίδον·
1636 1204 1769 1286 περὶ
1820 1202 1871 1269 δ’
1922 1202 2131 1269 ἄλλων
2180 1202 2346 1283 Φασὶ
2398 1202 2739 1283 γενέσθαι,

783 1309 936 1377 378.
985 1308 1050 1377 οἷ’
1081 1315 1158 1393 ῥα
1205 1310 1340 1377 τότ’
1393 1311 1743 1391 {spaurde-2⁹0⁹
1792 1310 1925 1392 ἱερὰ
1975 1310 2120 1391 πρὸς
2171 1310 2399 1391 τείχεα
2452 1311 2693 1389 Θήβης.

785 1416 940 1485 376.
987 1419 1113 1494 ἤτοι
1162 1420 1277 1497 μὲν
1322 1419 1450 1498 γὰρ
1497 1416 1644 1499 ἄτερ
1694 1416 1968 1495 πολέμου
2015 1416 2269 1490 εἰσῆλθε
2318 1417 2619 1492 Μυκήνας

785 1524 938 1591 377.
987 1534 1178 1599 κεῖνος
1229 1523 1346 1604 ἅμ’
1395 1522 1659 1605 ἀντιθέῳ
1710 1524 2097 1600 Πολυνείκεϊ,
2148 1524 2298 1589 λαὸν
2348 1524 2643 1604 ἀγείρων,

783 1630 938 1699 379.
985 1632 1097 1696 καί
1139 1634 1215 1713 ῥα
1261 1629 1449 1709 μάλα
1497 1630 1776 1697 λίσσοντο
1825 1630 2008 1710 δόμεν
2057 1632 2330 1705 κλειτοὺς
2382 1632 2743 1712 ἐπικούρους.

600 1736 703 1807 Of.
755 1740 980 1804 Mm.
1029 1736 1116 1803 lv
1163 1759 1224 1823 p.
1277 1736 1432 1802 201.

692 1952 868 2019 Ferri
913 1972 1038 2019 non
1089 1952 1277 2018 debet
1319 1950 1652 2017 ἐκκατιδὼν
1700 1960 1756 2015 Δ
1808 1949 1974 2015 508;

1015 2084 1020 2091 ·
1574 2058 1875 2136 νεμέσησε
1924 2056 1980 2122 δ’
2029 2056 2355 2123 Ἀπόλλων

831 2164 1172 2244 Περγάμου
1221 2164 1717 2239 ἐκκατιδών,
1764 2163 2038 2243 Τρώεσσι
2088 2166 2150 2231 δὲ
2202 2164 2449 2231 κέκλετ’
2492 2164 2717 2239 οὶύσας.

606 2265 873 2348 Quaerit.
917 2270 978 2335 N
982 2270 1250 2337 auckius
1297 2291 1454 2336 num
1503 2269 1666 2337 forte
1714 2290 1942 2337 verum
1990 2272 2076 2335 sit
2123 2271 2449 2352 ἐκκαθορῶν
2469 2292 2485 2308 ·
2528 2270 2825 2358 equidem
2862 2289 2995 2335 cor·

606 2376 852 2464 rigam:
905 2376 1364 2458 ἐκπροιδὼν.
1457 2376 1741 2443 Facilius
1789 2383 1885 2443 eet
1932 2380 2247 2465 corrigere
2292 2386 2348 2442 H
2398 2375 2521 2443 21:

1564 2492 1642 2566 τῇ
1689 2484 1743 2548 δ’
1790 2483 1994 2558 ἀντίος
2044 2481 2249 2565 ὤρνυτ’
2300 2482 2628 2549 Ἀπόλλων

970 2591 1309 2672 Περγάμου
1351 2589 1817 2658 ἐκκατιδών.

609 2697 709 2762 Ibi
755 2699 924 2764 enim
974 2719 1197 2764 verum
1249 2705 1346 2764 est
1409 2699 1764 2762 ἒκκατιώ
1784 2722 1814 2762 ν
1860 2697 2053 2782 idque
2104 2698 2301 2763 etiam
2346 2696 2639 2764 Nauckio
2685 2697 2999 2782 placuisse

609 2803 816 2869 video.
910 2802 1036 2869 Sed
1084 2804 1397 2889 quomodo
1446 2803 1851 2870 scribendum
1902 2802 2209 2868 είσανιδὼν
2258 2812 2316 2869 Π
2364 2801 2499 2869 232
2544 2809 2609 2868 et
2654 2811 2726 2868 Ω
2778 2801 2952 2870 307?

701 3029 756 3084 E
807 3017 934 3087 362

885 3123 989 3188 τὸν
1033 3125 1146 3202 μὲν
1193 3121 1416 3190 ἔπειτα
1463 3123 1748 3188 καθεῖσεν
1796 3123 1895 3188 ἐπ’
1945 3120 2245 3197 ἥιόεντι
2295 3121 2703 3204 Σκαμάνδρῳ.

608 3231 819 3308 Quam
866 3251 1094 3316 parum
1143 3232 1518 3298 conveniens
1565 3229 1955 3316 adjectivum
2002 3231 2089 3294 sit
2134 3229 2331 3305 ἤιδεις,
2383 3231 2537 3295 satis
2585 3230 2770 3295 docet
2812 3229 2999 3294 Butt-

610 3357 883 3404 mannus
921 3337 990 3401 iu
1028 3335 1336 3423 Lexilogo
1376 3335 1437 3402 ΙΙ
1473 3357 1535 3422 p.
1581 3333 1668 3401 22
1707 3337 1928 3421 itaque
1966 3335 2299 3403 Nauckius
2324 3339 2623 3402 correxit:
2666 3335 2767 3400 ἐπὶ
2794 3335 2997 3401 ἱόεντι.

611 3441 1039 3508 verisimilius
1085 3441 1355 3509 fortasse.
1390 3445 1656 3529 poteris:
1713 3440 1963 3507 καθεῒσ’
2012 3443 2111 3508 ἐπὶ
2165 3467 2213 3506 οι·
2236 3467 2295 3508 οι
2320 3444 2542 3517 ἥεντι
2590 3441 3001 3522 Σκαμάνδρῳ.

612 3549 836 3634 Ipsum
885 3548 1174 3614 dativum
1223 3551 1526 3634 ποιήεντι,
1575 3552 1687 3634 qui
1736 3547 1891 3616 alibi
1930 3569 2241 3634 nusquam
2288 3551 2597 3627 occurrit,
2637 3547 3002 3635 Hesychius

611 3657 1064 3741 interpretatus
1135 3661 1231 3721 est
1291 3662 1355 3720 et
1414 3676 1537 3742 quo
1600 3656 1913 3743 adJectivo
1977 3661 2163 3741 poeta
2212 3655 2400 3720 urbes
2445 3657 2730 3739 ornavit,
2778 3653 3000 3719 eodem
3064 3743 3071 3749 .

612 3761 806 3827 etiam
846 3782 1013 3826 nunc
1059 3761 1299 3827 flumen
1349 3783 1568 3828 ornare
1614 3765 1847 3848 potuit.
1899 3761 2149 3841 Λειμὼν
2198 3759 2624 3843 Σκαμάνδριος
2674 3757 2999 3838 ανθεμδεις

613 3867 850 3933 dicitur
893 3879 937 3932 B
987 3865 1142 3933 467.

702 4081 793 4148 Ut
851 4088 1149 4169 appareat
1212 4081 1366 4167 quid
1427 4080 1698 4147 sentiam
1764 4082 1844 4149 de
1902 4091 1955 4148 E
2008 4081 2093 4147 46
2113 4129 2132 4160 ,
2194 4102 2294 4147 res
2347 4079 2541 4166 paulo
2589 4080 2783 4147 altius
2828 4099 3001 4164 repe-

610 4188 801 4254 tenda
847 4195 958 4254 est.
1055 4187 1312 4254 Faciam
1358 4188 1623 4253 initium
1670 4208 1710 4253 a
1756 4185 1968 4254 Schol.
2018 4187 2200 4253 Iliad.
2251 4195 2306 4251 A
2360 4185 2490 4252 496
2510 4237 2527 4272 ,
2575 4186 2687 4251 ubi
2733 4187 2997 4252 verbum

610 4294 936 4361 ἀνεδύσετο
980 4298 1075 4360 ita
1121 4294 1512 4380 explicatur:
1563 4298 1997 4375 παρατατικοῢ
2040 4295 2413 4371 παθητικοῦ,
2461 4295 2539 4364 ώς
2583 4291 2710 4357 ἀπὸ
2752 4297 2860 4358 τοῦ
2885 4290 2999 4356 δύω

615 4402 895 4493 ἐνεςῶτος
956 4400 1027 4466 τὸ
1074 4400 1456 4482 παραγωγὴ
1505 4399 1686 4486 δῦμι,
1738 4402 1769 4466 ὅ
1813 4399 2062 4480 μέλλων
2109 4399 2267 4468 δύσω
2316 4399 2419 4466 καὶ
2472 4399 2717 4478 ἐγένετο
2766 4399 2794 4463 ὃ
2838 4397 2999 4476 μέλ·
