3414 5158
655 299 742 365 58
1730 309 1971 360 mosao.

651 485 1014 550 etiamnunc
1079 480 1379 545 scribitur
1437 477 1558 543 54:
1627 477 1787 556 „hoc
1848 477 2135 561 sequitur
2158 521 2173 549 ,
2239 476 2314 538 ut
2373 470 2625 537 familia
2682 467 2779 534 M.
2829 466 3045 534 Tullii

651 588 897 656 concidi
959 585 1373 672 oportuerit”;
1439 586 1714 670 speciem
1764 582 2045 668 aliquam
2095 580 2360 646 haberet
2408 574 2698 654 „familia
2744 573 3043 640 concida-

652 699 759 760 tur
804 691 1087 778 oportet'’
1138 691 1246 756 sed
1294 711 1374 756 ne
1421 692 1608 757 tironi
1655 688 1915 774 quidem
1964 686 2301 753 condonari
2340 684 2529 750 debet
2572 680 2858 766 „familia
2893 701 3043 746 con-

653 800 783 866 cidi
831 793 1149 884 oportet”i
1199 795 1615 862 Scribendum
1637 843 1653 873 ‚
1703 796 2004 880 quoniam
2056 815 2071 832 ·
2088 810 2173 857 u·
2224 794 2293 856 in
2328 789 2464 856 cod.
2506 795 2628 854 est:
2676 785 3037 866 „familiam

654 905 744 972 M.
793 904 1036 970 TuUi.”
1083 903 1255 968 Nam
1305 900 1504 968 simul
1549 902 1824 968 alterum
1870 899 2070 976 illud,
2118 897 2329 964 levius
2374 899 2613 964 vitium
2664 895 2855 959 mlii
2889 914 3038 959 cum

657 1011 873 1079 codice
917 1009 1269 1077 tollendum
1321 1015 1451 1088 est3
1494 1013 1855 1076 constanter
1889 1005 2261 1071 substantiva
2296 1006 2364 1068 in
2406 1018 2539 1069 -ms
2576 1019 2721 1068 -11m
2754 1001 2823 1065 in
2860 999 3043 1064 bonis

655 1117 861 1196 codd„
903 1119 971 1182 in
1007 1118 1526 1202 inscriptionibus
1546 1166 1564 1200 ‚
1603 1119 1670 1180 in
1714 1114 1999 1181 versibus
2037 1123 2366 1198 poetarum
2406 1129 2608 1194 usque
2646 1107 2726 1174 ad
2765 1111 3043 1172 aetatem

657 1226 938 1312 Augusti
998 1222 1235 1289 habent
1294 1225 1362 1287 in
1425 1225 1725 1310 genetivo
1786 1227 1813 1284 i
1852 1222 1925 1307 ¹).
1987 1217 2077 1286 V1
2142 1217 2379 1284 excidit
2436 1217 2474 1301 ᾖ
2522 1214 2606 1280 31
2656 1219 2798 1300 post
2842 1212 3051 1310 Fsmg

657 1330 934 1397 confusis
992 1328 1227 1395 litteris
1288 1346 1328 1394 Β
1392 1333 1458 1394 et
1504 1346 1580 1414 U,
1631 1328 1709 1394 de
1756 1348 1880 1413 quo
1927 1346 2118 1411 supra
2163 1324 2334 1400 dixi,
2384 1323 2693 1406 scriptum
2744 1325 2878 1386 erat
2924 1340 3047 1387 PA-

657 1454 787 1501 mm
848 1435 997 1521 (non
1044 1435 1307 1518 nsum)
1355 1455 1480 1519 qno
1526 1435 1695 1500 facto
1745 1433 1906 1499 duae
1950 1447 2307 1518 postremae
2352 1427 2605 1494 litterae
2650 1428 3041 1493 exciderunt.

659 1539 961 1607 Ceterum
1025 1539 1327 1606 similiter
1387 1540 1451 1606 vi
1511 1544 1652 1626 post
1697 1541 1814 1604 sibi
1859 1538 2108 1623 (sumn)
2158 1539 2468 1602 omissum
2515 1539 2613 1599 est
2658 1535 2728 1598 in
2774 1535 3049 1600 Ambro-

658 1650 834 1714 siano
877 1646 1004 1713 212
1059 1649 1437 1725 „introitum
1483 1649 1607 1732 ipsi
1654 1647 1780 1712 sibi
1828 1647 1897 1712 vi
1942 1664 2263 1730 manuque
2309 1639 2755 1727 patefaciunt.”

748 1754 1090 1839 Proprium
1135 1753 1288 1818 huic
1333 1752 1733 1818 litteraturae
1778 1751 2118 1838 (capitalem
2164 1747 2338 1835 volo)
2385 1755 2481 1814 est
2498 1795 2515 1825 ,
2563 1753 2639 1813 ut
2684 1766 2726 1812 a
2767 1752 2833 1813 et
2864 1767 2891 1812 1
2926 1751 3039 1814 vix

657 1860 1171 1947 distinguantur;
1220 1878 1346 1923 non
1394 1878 1618 1943 operae
1665 1863 1763 1923 est
1804 1858 2007 1923 dicere
2026 1907 2043 1940 ‚
2085 1857 2333 1941 quoties
2372 1853 2669 1920 Kellerus
2689 1903 2707 1936 ‚
2747 1856 2860 1938 qui
2896 1859 3041 1939 post

659 1965 1026 2050 Peyronum
1074 1962 1529 2029 Taurinensem
1577 1963 1879 2038 contulit,
1933 1962 2201 2026 dubium
2243 1982 2316 2027 se
2359 1961 2615 2026 haerere
2660 1959 2852 2038 dixit,
2895 1966 3039 2026 utra

657 2068 876 2134 littera
923 2071 1158 2153 scripta
1207 2075 1372 2134 esset
1389 2090 1405 2147 ;
1457 2091 1555 2134 res
1602 2089 1717 2154 pro
1765 2090 1831 2134 se
1876 2067 2191 2153 loquitur:
2239 2067 2483 2153 obliqui
2520 2067 2751 2133 ductus
2787 2066 3038 2134 litterae

656 2193 697 2240 n
739 2179 870 2239 tam
916 2181 1065 2240 sunt
1109 2177 1347 2240 minuti
1394 2179 1458 2240 et
1505 2174 1702 2240 exiles
1722 2222 1737 2252 ,
1789 2179 1863 2239 ut
1908 2173 2094 2240 facile
2146 2173 2479 2240 oculorum
2520 2175 2720 2239 aciem
2745 2175 3037 2262 fugiant,

653 2280 823 2346 unde
869 2280 1002 2346 sola
1047 2280 1297 2346 residua
1342 2280 1596 2346 litterae
1645 2282 1949 2367 primaria
1997 2282 2177 2366 quasi
2221 2283 2419 2365 stirpe
2464 2299 2489 2344 1
2534 2282 2835 2345 nascitur.
2932 2281 3038 2345 In-

656 2389 931 2468 telleqere
988 2393 1054 2452 et
1113 2389 1413 2468 neqleqere
1475 2390 1861 2472 scripserunt
1922 2385 2121 2473 vulgo
2183 2391 2460 2464 veteres;
2526 2385 2725 2453 semel
2785 2390 2854 2452 in
2918 2387 3035 2453 hac

655 2495 937 2558 oratione
995 2493 1033 2577 ᾖ
1077 2491 1164 2558 26
1227 2495 1586 2575 incelliyatie
1633 2498 1850 2559 extare
1896 2492 2166 2576 dicitur,
2216 2492 2293 2558 de
2338 2512 2463 2578 quo
2513 2493 2733 2558 dubito
2780 2499 3033 2579 propter

655 2600 1145 2666 similitudinem
1198 2600 1403 2667 illam.
1499 2598 1734 2666 Contra
1780 2601 1903 2665 luci
1948 2600 1983 2683 §
2032 2598 2117 2665 47
2168 2621 2244 2665 ex
2292 2602 2505 2667 codice
2552 2621 2663 2685 pro
2710 2602 2839 2665 luce
2883 2604 3037 2667 reci-

653 2706 956 2792 piendum
1006 2713 1192 2791 put0‚
1242 2708 1357 2772 ubi
1403 2708 1594 2772 verba
1643 2706 1720 2771 de
1767 2704 1903 2771 XII
1950 2704 2189 2771 tabulis
2235 2708 2612 2772 recitantur:
2666 2713 2782 2785 „ut
2828 2706 3035 2772 furem

653 2817 847 2880 noctu
894 2812 1085 2878 liceat
1129 2812 1443 2888 occidere,
1487 2817 1551 2876 et
1595 2810 1759 2889 luci,
1808 2811 1862 2875 si
1907 2832 1973 2875 se
2020 2810 2148 2876 telo
2194 2811 2554 2878 defendat.’'
2606 2812 2823 2879 Plauti
2871 2820 3037 2879 certe

655 2916 948 3003 aequales
1011 2918 1135 2980 cuci
1194 2917 1527 2993 dixerunt,
1592 2936 1782 3000 quem
1850 2914 2237 2992 „locativum
2303 2918 2920 2985 adverbiascentem”
2967 2921 3033 2982 in

656 3026 1012 3108 antiquiore
1086 3020 1220 3088 XII
1279 3020 1644 3088 tabularum
1705 3041 1995 3087 sermone
2060 3028 2434 3107 usurpatum
2508 3044 2643 3090 esse
2710 3029 3035 3090 consenta-

653 3149 848 3194 neum
909 3133 1024 3192 est.
1118 3126 1260 3192 Non
1322 3134 1478 3213 puto
1536 3125 1907 3194 Ciceronem
1968 3134 2327 3194 constanter
2388 3131 2512 3193 luci
2568 3131 2803 3196 dixisse
2824 3181 2840 3204 ‚
2890 3150 3037 3195 cum

655 3232 802 3299 aliis
857 3232 1014 3299 locis
1076 3235 1138 3298 in
1189 3236 1326 3319 ipso
1391 3231 1465 3298 Τ.
1527 3237 1612 3298 sit
1659 3235 1823 3307 luce,
1875 3232 2201 3321 Vergilius
2248 3234 2480 3300 habeat
2530 3235 2715 3313 „luce
2762 3234 3038 3321 palam”,

655 3337 764 3404 sed
826 3338 993 3423 quod
1047 3336 1119 3403 Τ.
1168 3340 1237 3403 in
1282 3341 1412 3417 eis,
1462 3360 1622 3426 quae
1669 3345 2021 3423 sequuntur
2068 3341 2231 3417 luce,
2280 3340 2398 3405 hoc
2444 3346 2662 3406 autem
2708 3340 2881 3419 loco,
2929 3340 3040 3405 ubi

657 3445 734 3510 de
793 3442 926 3511 XII
987 3444 1352 3511 tabularum
1417 3446 1628 3513 verbis
1691 3449 1941 3533 agitur,
2007 3447 2130 3509 luci
2186 3446 2380 3512 habet
2398 3494 2415 3523 ,
2469 3468 2593 3513 non
2638 3451 2846 3533 potest
2892 3466 3040 3513 casu

658 3551 902 3617 factum
951 3570 1102 3616 esse.

747 3656 822 3722 In
882 3656 1148 3734 menda,
1212 3678 1372 3741 quae
1435 3679 1508 3723 ex
1571 3658 1815 3723 incuria
1860 3661 2204 3721 nascuntur
2224 3706 2239 3735 ,
2294 3657 2501 3724 veluti
2548 3662 2757 3724 exitus
2805 3660 3041 3727 vicino·

655 3783 801 3829 rum
886 3762 1338 3830 vocabulorum
1412 3763 1577 3830 male
1648 3763 2021 3829 assimilitos
2044 3812 2059 3839 ,
2132 3768 2540 3850 repetitiones
2610 3764 3040 3852 syllabarum,

655 3872 1025 3935 omissiones
1073 3882 1184 3935 aut
1229 3870 1662 3936 additamenta
1707 3890 1903 3955 prava
1923 3919 1939 3949 ,
1988 3877 2139 3935 nata
2186 3892 2265 3935 ex
2312 3870 2552 3937 eisdem
2603 3871 2867 3959 syllabis
2906 3892 3043 3937 ver-

679 4022 1096 4033 m——m—nu

724 4100 780 4165 1)
814 4098 1109 4149 Lachmanni
1141 4099 1200 4147 de
1229 4098 1318 4147 hac
1352 4114 1404 4147 re
1438 4097 1841 4147 accuratissimam
1874 4098 2033 4163 disput
2046 4096 2254 4147 ationem
2288 4102 2469 4149 norunt
2504 4116 2689 4159 omnes,
2728 4101 2785 4150 ad
2820 4102 2960 4151 Lucr.
2996 4114 3047 4163 p,

655 4184 752 4233 825
791 4198 893 4247 sqq.
947 4181 1038 4230 Sed
1071 4180 1246 4230 inutile
1279 4195 1374 4229 non
1411 4180 1505 4229 erit
1543 4180 1702 4227 videre
1737 4180 1923 4238 omnia,
1963 4195 2084 4243 qnae
2122 4194 2166 4228 a.
2203 4180 2335 4229 1831
2372 4181 2424 4230 in
2458 4181 2584 4231 Bibl.
2626 4182 2749 4233 crit.
2789 4184 2927 4231 Nova
2960 4180 3055 4245 (V,

652 4265 776 4329 260)
809 4263 924 4314 huic
956 4262 1220 4313 sententiae
1253 4261 1561 4310 Bentleianae
1593 4262 1816 4326 opposuit
1855 4262 2119 4328 [ennepius
2136 4300 2151 4321 ,
2170 4266 2361 4327 praeter
2388 4280 2539 4315 unum
2557 4265 2701 4329 Vei-gi
2709 4264 2762 4313 lii
2779 4262 3044 4328 exemplum

645 4348 764 4395 Aen.
803 4345 886 4395 111
922 4344 1019 4396 720
1057 4345 1218 4395 omnia
1252 4358 1420 4393 norma
1459 4350 1585 4391 recte
1619 4343 1813 4392 definita
1852 4360 2128 4397 evanescere
2138 4372 2150 4408 ;
2188 4348 2551 4414 Peerlkampius
2592 4346 2813 4396 Bentlcio
2834 4346 3044 4410 adstipu-

649 4426 870 4487 labatur,
907 4428 966 4477 αἱ
999 4426 1119 4477 Hor.
1157 4428 1212 4477 C.
1251 4426 1337 4476 111
1373 4424 1454 4478 27.
1488 4426 1570 4473 48.
