3414 5158
960 1232 1110 1324 AD
1164 1233 1523 1326 ΤΑΟΙΤΙ
1578 1231 2175 1376 HISTORIAS.

1364 1555 1786 1610 m

1483 1838 1695 1890 OErnelii
1728 1839 1882 1890 Taciti
1912 1837 2028 1889 libri
2059 1839 2144 1905 qui
2175 1841 2447 1906 supersunt.
2516 1842 2759 1907 Quartum

1550 1906 1828 1972 recognovit
1859 1907 2060 1958 Carolus
2091 1907 2258 1958 Halm.
2293 1908 2470 1960 Tomos
2501 1908 2758 1976 posterior.

1544 1973 1736 2041 Lipsiae
1767 1973 2281 2026 Mnoccnxxxm.

469 2166 517 2233 Ι.
574 2165 639 2233 2.
696 2167 901 2251 Opus
942 2167 1259 2250 adyredior
1304 2164 1633 2250 opimum
1678 2164 1950 2250 casibus,
1997 2171 2172 2230 atrox
2200 2165 2494 2251 proeliie,
2534 2164 2762 2232 discors

376 2273 765 2339 aditionibus
778 2320 796 2351 ,
847 2273 980 2357 ipsa
1022 2273 1200 2339 etiam
1244 2294 1389 2358 pace
1432 2295 1687 2338 saevum.

470 2377 557 2445 V.
603 2379 855 2463 opimum
900 2383 1226 2465 receptum
1274 2384 1373 2445 est
1416 2398 1494 2444 ex
1537 2377 1724 2444 libris
1769 2376 1910 2445 MS.
1959 2379 2415 2444 recentioribus
2462 2387 2526 2444 et
2571 2382 2766 2446 inter-

380 2483 636 2571 polatis.
726 2483 801 2549 In
836 2483 909 2549 M
950 2483 1196 2572 legitur
1241 2485 1375 2568 opib
1388 2509 1403 2564 3
1416 2530 1431 2548 .
1526 2483 1894 2550 Lectionem
1941 2482 2278 2571 vulgatam
2325 2484 2558 2550 merito
2610 2487 2768 2551 reie-

380 2594 603 2659 cerunt
668 2589 920 2657 Ernesti
988 2597 1053 2657 et
1111 2590 1488 2680 Madvigius
1509 2641 1527 2669 ,
1592 2609 1866 2675 quorum
1911 2588 2019 2656 hic
2063 2592 2328 2677 negavit
2373 2590 2627 2673 opimum
2671 2594 2764 2659 sic

382 2696 763 2784 simpliciter
808 2696 887 2763 de
936 2698 1116 2783 copia
1161 2696 1323 2782 dici,
1370 2696 1478 2763 ille
1523 2716 1673 2765 vero
1717 2695 1871 2761 haec
1909 2696 2156 2785 arguit:
2186 2696 2353 2774 „viri
2377 2695 2549 2762 docti
2568 2698 2766 2765 nimis

381 2804 803 2872 adhaeserunt
859 2806 1104 2871 notioni
1149 2804 1460 2870 ubertatis
1504 2807 1570 2869 et
1616 2804 1959 2869 varietatis.
2054 2802 2145 2867 At
2188 2804 2518 2887 sequentia
2560 2805 2766 2890 operis

374 2912 569 2978 huius
613 2910 923 2978 attributa
970 2910 1430 2994 consideranti,
1480 2910 1851 2995 praesertim
1896 2908 2207 2975 ultimum
2253 2908 2386 2993 ipsa
2425 2912 2600 2973 etiam
2619 2930 2766 2992 pace

372 3040 609 3085 saevum
627 3066 646 3104 ,
710 3016 1038 3103 apparebit
1100 3017 1206 3082 hic
1264 3015 1605 3082 desiderari
1651 3014 1980 3083 deterioris
2027 3012 2512 3103 significationis
2558 3014 2764 3082 adiec-

376 3126 590 3191 tivum
611 3172 631 3208 ‚
678 3121 893 3209 qualia
935 3127 1087 3187 sunt
1134 3122 1463 3208 sequentia
1507 3122 1747 3188 omnia.
1837 3118 1944 3187 An
1989 3120 2116 3187 fuit
2153 3120 2461 3186 horridum
2482 3120 2546 3171 ?’'
2603 3120 2763 3189 Fere

380 3248 506 3296 non
570 3227 795 3294 dubito
856 3230 1009 3313 quin
1070 3248 1295 3296 verum
1361 3227 1594 3294 viderit
1638 3226 1914 3293 Ernesti.
2008 3227 2180 3293 Fieri
2225 3231 2434 3313 potest
2479 3232 2553 3293 ut
2599 3229 2765 3313 aspi-

379 3336 545 3401 ratio
590 3336 659 3399 in
706 3338 961 3399 vetusto
1006 3331 1355 3419 exemplari
1401 3336 1638 3400 omissa
1682 3332 2020 3399 librarium
2067 3336 2136 3398 in
2183 3353 2457 3400 errorem
2501 3333 2768 3400 induxe-

380 3444 469 3506 rit
541 3440 777 3527 (orridu
828 3476 911 3489 —-·
958 3439 1199 3523 opibus,
1262 3439 1339 3503 cf.
1405 3434 1575 3503 Anu.
1644 3436 1813 3515 XII,
1879 3436 2003 3515 28,
2081 3440 2196 3504 ubi
2263 3438 2339 3505 M
2401 3459 2514 3525 pro
2561 3440 2766 3524 opibus

380 3546 575 3613 habet
622 3546 867 3633 oribus).
937 3546 1025 3611 At
1075 3545 1333 3611 etiamsi
1368 3543 1675 3609 borridum
1705 3545 2084 3629 recipiatur,
2111 3549 2328 3609 tamen
2349 3544 2528 3611 locus
2549 3545 2767 3625 habet,

381 3652 549 3739 quod
614 3651 918 3718 lectorem
986 3649 1294 3728 offendat,
1366 3670 1515 3715 nam
1586 3649 1877 3715 dubitare
1928 3647 2082 3714 licet
2143 3670 2300 3714 num
2345 3652 2559 3737 ipsum
2607 3670 2768 3737 opus

378 3757 712 3825 horridum
761 3757 1010 3823 casibus
1030 3804 1047 3835 ,
1094 3761 1275 3823 atrox
1321 3755 1579 3842 proeliis
1596 3805 1614 3841 ,
1662 3756 1900 3821 discors
1947 3755 2364 3821 seditionibus
2383 3803 2399 3834 ,
2440 3777 2593 3842 pace
2633 3777 2767 3823 sae-

382 3884 539 3930 vum
585 3867 756 3933 recte
804 3862 1056 3929 dicatur
1076 3909 1093 3942 ‚
1140 3864 1209 3927 in
1257 3883 1380 3948 quo
1428 3865 1694 3948 scriptor
1739 3861 2028 3928 horridos
2065 3880 2249 3928 casus
2266 3910 2282 3941 ,
2325 3865 2561 3928 atrocia
2581 3882 2764 3947 proe-

379 3970 503 4046 lia,
566 3968 883 4036 discordes
942 3968 1283 4035 seditiones
1298 4015 1315 4047 ‚
1369 3988 1625 4035 saevam
1673 3988 1896 4054 pacem
1947 3972 2352 4034 enarraturus
2396 3971 2500 4034 sit.
2596 3968 2765 4051 Quid

382 4074 773 4142 desideretur
817 4076 973 4141 satis
1018 4076 1422 4161 perspicuum
1470 4078 1584 4140 est.
1645 4073 1994 4159 Postquam
2035 4072 2297 4140 Tacitus
2322 4095 2378 4140 c.
2408 4072 2434 4137 1
2473 4079 2728 4161 tempus
2745 4122 2764 4154 ‚

381 4182 565 4247 cuius
630 4181 967 4247 historiam
1037 4183 1388 4268 scripturus
1445 4184 1543 4247 est
1558 4228 1576 4259 ,
1640 4178 1928 4248 definivit
1943 4229 1958 4260 ,
2036 4179 2203 4246 illud
2269 4186 2524 4267 tempus
2585 4183 2766 4249 brevi

378 4290 450 4354 in
520 4290 855 4373 conspectu
926 4288 1139 4373 ponit,
1208 4288 1303 4353 ita
1358 4292 1435 4352 ut
1490 4288 1777 4373 primum
1845 4287 1926 4375 (c.
1986 4285 2056 4373 2)
2129 4306 2315 4354 saeva
2335 4337 2353 4373 ,
2422 4287 2761 4368 horrenda,

379 4395 619 4461 atrocia
679 4397 1041 4478 enumeret,
1106 4392 1333 4460 deinde
1394 4393 1474 4481 (c.
1526 4391 1591 4479 3)
1659 4392 1742 4460 ad
1787 4393 2050 4460 laetiora
2094 4398 2355 4481 pergat:
2402 4416 2522 4459 non
2567 4401 2762 4460 tamen

380 4502 531 4566 adeo
595 4500 884 4566 virtutum
952 4501 1157 4565 sterile
1220 4502 1654 4579 saeculum,
1729 4507 1796 4565 ut
1854 4522 1973 4565 non
2018 4506 2076 4566 ec
2120 4500 2272 4566 bona
2318 4502 2581 4592 exempla
2611 4524 2763 4585 pro·
