3414 5158
609 340 739 405 154
1589 350 1992 403 nnnono'rtm.

602 542 727 609 quo
789 520 961 587 male
1022 518 1181 587 latet
1242 519 1525 606 genuina
1586 516 1798 589 forma
1861 514 2297 593 οὶναραιρηκώς.
2393 512 2591 579 Recte
2638 512 2881 601 legitur
2925 514 2994 577 in

602 628 762 695 AB.
827 626 900 693 V.
957 625 1120 691 102:
1190 622 1655 704 ςεφανηφόρους
1706 624 1955 703 ἀγῶνας
2003 618 2476 701 άναραιρηκότα.
2577 621 2776 701 Αἱρεῒν
2827 618 2994 705 apud

602 734 1003 801 Herodotum
1050 752 1177 797 non
1225 728 1419 797 aliam
1472 731 1666 797 habet
1713 730 1977 815 perfecti
2025 728 2294 794 formam
2343 748 2536 812 quam
2584 727 2888 807 ἀραίρηκα
2930 730 2994 791 et

604 843 945 923 άραίρημαι
997 859 1147 905 cum
1194 839 1587 923 compositis.

693 1056 805 1122 VI.
858 1052 974 1121 36:
1025 1053 1135 1119 καί
1176 1077 1282 1132 μιν
1330 1054 1381 1117 οἱ
1433 1050 1900 1132 ἐπαγαγόμενοι
1951 1050 2232 1131 τύραννον
2283 1050 2784 1125 κατεςῆσανΤΟ.

695 1162 951 1229 Dicitur
996 1162 1279 1243 τύραννον
1322 1159 1637 1235 ,ςήσασθαι
1681 1166 1752 1225 et
1791 1167 2167 1235 καταςῆσαι.
2268 1156 2724 1243 Aristophanes
2765 1156 2996 1221 Avibus

605 1290 699 1335 vs.
752 1266 961 1335 1672:

1695 1372 2066 1447 καταςήσας
2115 1372 2177 1437 σ’
2229 1370 2350 1449 ἐγώ

1151 1479 1437 1560 τύραννον
1484 1480 1713 1561 ὀρνίθων
1763 1478 2002 1559 παρέξω
2051 1502 2141 1543 σοι
2187 1475 2392 1555 γάλα.

603 1594 668 1655 et
740 1592 833 1654 sic
902 1586 1270 1653 Herodotus
1342 1591 1700 1652 constanter
1769 1588 1896 1650 nisi
1964 1584 2130 1669 quod
2204 1582 2276 1647 V.
2329 1580 2436 1647 92.
2495 1582 2754 1647 scribit.-
2817 1579 2991 1645 αὐτοὶ

606 1701 825 1775 πρῶτοι
872 1694 1159 1773 τύραννον
1208 1690 1714 1769 καταστησάμενοι
1765 1692 1938 1771 παρὰ
1987 1690 2168 1771 σφίσι
2217 1690 2452 1755 αὐτοῖσι
2498 1683 2649 1752 οὕτω
2690 1686 2793 1752 καὶ
2837 1694 2994 1753 τοῖσι

604 1799 849 1867 ἄλλοισι
894 1797 1129 1883 δίζησθε
1168 1796 1506 1869 κατιςάναι
1526 1845 1543 1877 ,
1572 1798 1806 1865 diserte
1831 1798 2230 1885 distinguens
2255 1794 2735 1871 καταςήσασθαι
2762 1793 2992 1859 sibimet

601 1908 753 1992 {pais
798 1912 862 1972 et
910 1906 1245 1975 κατιςάναι
1295 1905 1463 1969 aliia.

692 2014 1072 2082 Rectissime
1117 2014 1323 2101 igitur
1368 2013 1436 2077 in
1484 2010 1543 2077 R
1588 2009 1722 2077 solo
1769 2010 2013 2098 legitur
2061 2008 2433 2085 κατέςησαν.

697 2225 801 2291 VI.
852 2224 973 2292 37:
1044 2226 1071 2289 ὃ
1134 2233 1373 2305 Κροῖσος
1426 2262 1509 2273 —-
1560 2222 1924 2305 προηγόρευε
1969 2232 2124 2288 τοῖσι
2177 2227 2662 2302 Λαμψακηνοῖσι
2709 2220 2986 2300 μετιέναι

604 2331 1005 2397 Μιλτιάδεα·
1058 2332 1110 2395 εἰ
1158 2330 1219 2395 δὲ
1267 2334 1390 2408 μή,
1444 2330 1653 2410 σφέας
1700 2332 1914 2403 πίτυος
1963 2331 2180 2411 τρόπον
2233 2331 2550 2416 [άπείλεε]
2601 2329 2930 2409 ἐκτρίψειν.

696 2438 911 2504 Multo
960 2437 1193 2503 melius
1242 2437 1445 2503 aberit
1490 2437 1785 2515 ἀπείλεε,
1835 2442 1909 2501 ut
1949 2437 2035 2501 sit
2073 2436 2444 2524 per-elegans
2483 2436 2756 2515 ζεῦγμα.
2808 2433 2992 2501 Croe-

602 2566 709 2612 sus
757 2548 892 2632 ipse
940 2544 1217 2610 dixerat:
1266 2543 1521 2622 μετίετε
1561 2543 1665 2610 τὸν
1713 2542 2096 2629 Μιλτιάδεα,
2143 2544 2196 2609 εἴ
2249 2544 2310 2610 δὲ
2347 2542 2468 2620 μή,
2515 2542 2728 2617 πίτυος
2776 2541 2987 2624 τρόπον

605 2651 801 2731 ὑμέας
852 2652 1140 2734 ἐκτρίψω.
2293 2730 2301 2736 ,

694 2758 938 2824 Mirum
1003 2767 1101 2826 est
1154 2762 1264 2827 vix
1313 2779 1516 2825 unum
1565 2780 1642 2824 ex
1689 2760 2041 2825 senioribus
2085 2758 2423 2844 Lampsaci
2469 2779 2611 2823 eam
2657 2779 2796 2823 rem
2843 2777 2990 2844 cog-

601 2867 801 2931 nitam
866 2865 1199 2944 habuisse,
1266 2887 1467 2951 quum
1531 2870 1710 2932 tanta
1758 2871 1924 2930 esset
1971 2866 2136 2930 circa
2182 2866 2406 2931 urbem
2453 2867 2726 2950 pinnum
2774 2861 2989 2948 copia,

600 2977 675 3038 ut
722 2969 950 3041 Croeso
996 2973 1148 3039 vivo
1188 2973 1339 3037 urbs
1374 2969 1727 3036 Πιτυόεσσα
1772 2971 2200 3057 appellaretur
2239 2976 2303 3036 et
2341 2972 2512 3037 cives
2541 2969 2989 3044 Πιτυοεσσηνοί.

693 3183 811 3249 VI.
866 3181 983 3251 37:
1036 3186 1217 3256 πίτυς
1268 3222 1353 3234 -
1402 3186 1738 3250 ἐκκοπεῖσα
1800 3223 1873 3232 -
1921 3185 2348 3264 πανώλεθρΟΟ
2398 3182 2848 3259 ἐξαπόλλυται.

694 3290 769 3354 In
815 3290 1106 3356 omnibus
1152 3291 1335 3356 libris
1380 3291 1680 3356 mendose
1729 3291 2032 3356 scribitur
2067 3290 2507 3370 πανωλέθρΩΟ
2547 3296 2990 3376 praeterquam

604 3397 671 3459 in
718 3394 795 3461 R.
846 3395 1072 3480 Itaque
1134 3397 1507 3462 adverbium
1574 3395 1964 3476 πανωλέθρως
2030 3397 2236 3462 obiter
2297 3418 2330 3462 e
2393 3395 2645 3462 Lexicis
2709 3397 2993 3462 eximen-

610 3501 769 3566 dum
818 3509 931 3567 est.

694 3715 799 3783 VI.
852 3717 975 3783 38:
1040 3716 1127 3782 τὰ
1187 3717 1499 3798 χρήματα
1566 3715 1878 3798 παραδοὺς
1929 3713 2300 3798 Στησαγόρῃ
2351 3716 2435 3798 τῷ
2482 3715 2752 3794 Κίμωνος
2803 3716 2991 3782 άδελ-

602 3827 758 3906 Φεοῦ
811 3823 1049 3909 [παιδὶ]
1100 3823 1489 3904 ὁμομητρίου.

690 3929 1030 3994 Poteratne
1076 3929 1330 3994 fatuum
1380 3928 1697 3995 emblema
1738 3930 2048 4015 ineptiore
2088 3927 2226 3994 loco
2268 3949 2457 4014 quam
2501 3929 2594 3994 sio
2634 3925 2993 4014 interponi?

691 4143 803 4210 VI.
856 4143 969 4210 38:
1026 4181 1104 4192 —
1132 4144 1351 4220 άγῶνα
1397 4144 1645 4208 ἱππικὸν
1694 4179 1779 4190 -
1808 4144 1864 4207 ἐν
1914 4145 1997 4224 τῷ
2040 4147 2492 4222 Λαμψακηνῶν
2533 4142 2721 4210 οὐδενὶ
2765 4143 2990 4221 ’Gryl-

600 4273 769 4315 νεται
820 4247 1247 4329 ἀγωνίζεσθαι.

692 4355 855 4421 Vera
899 4355 1090 4421 lectio
1135 4360 1232 4420 est
1278 4353 1687 4432 ἘΚγίνεται,
1744 4355 1909 4439 quod
1959 4355 2157 4420 ferme
2204 4355 2376 4420 idem
2425 4360 2521 4421 est
2570 4362 2761 4441 atque
2809 4353 2992 4433 ἔξεςι.

690 4460 763 4526 In
804 4461 859 4525 B
908 4465 1184 4526 correcto
1233 4461 1462 4527 diserte
1510 4461 1824 4549 ἐκγίνεται
1875 4462 2186 4548 scriptum
2234 4467 2349 4527 est.
