3414 5158
744 304 832 372 64
1824 325 2067 374 monuo,

742 508 976 581 pompa
1020 490 1357 555 verborum
1404 488 1853 554 illustrandum
1894 498 2087 563 esset,
2129 492 2517 575 pertinerent
2535 540 2552 575 ,
2587 490 2753 554 nihil
2774 492 3153 578 genuinum

741 601 1068 679 putarem;
1115 596 1309 659 verba
1345 598 1751 661 excusatione
1790 599 2003 680 potius
2040 596 2327 682 indigere
2365 616 2556 680 quam
2583 594 2769 661 laude
2807 599 3147 661 existim0.

743 738 829 750 —
881 700 1020 777 „Ex
1073 705 1230 764 omni
1275 700 1580 765 scelerum
1631 700 2153 785 importunitate”
2202 701 2276 765 Τ.
2328 707 2530 777 recte,
2581 708 2657 767 ut
2701 708 2873 788 puto.
2926 702 3149 767 Paulo

741 813 882 891 post
927 806 1096 891 §22
1148 810 1257 884 „in
1305 828 1428 891 quo
1479 829 1626 872 cum
1671 807 1864 873 illum
1912 807 2311 874 saltatorium
2352 814 2630 874 versaret
2667 808 2919 874 orbem”
2960 832 3151 871 suum

739 918 804 991 (a
849 910 926 977 Τ.
972 932 1121 990 om„
1179 914 1487 977 mendum
1535 918 1631 978 est
1675 916 1743 977 in
1790 936 1918 979 var.
1972 914 2115 979 lect.
2168 914 2337 999 apud
2381 912 2631 1000 Halm.)
2683 935 2718 980 e
2763 916 3141 979 recentiori-

739 1018 858 1083 bus
901 1024 1047 1083 ante
1093 1018 1268 1081 illvm
1315 1019 1674 1086 addendum
1724 1041 1871 1085 cum
1920 1020 2227 1107 KayserO.

829 1230 937 1295 33.
1037 1252 1273 1309 „unam
1326 1233 1444 1298 tibi
1495 1230 1678 1297 illam
1716 1235 1900 1325 ‘viam
1950 1240 2015 1297 et
2061 1238 2434 1318 perpetuam
2486 1254 2619 1299 esse
2663 1232 2965 1300 vellent”.

627 1362 632 1371 ·
731 1336 1012 1415 Gravius
1059 1338 1313 1424 aliquod
1365 1337 1748 1406 vocabulum
1791 1339 1869 1403 ab
1911 1340 2097 1403 initio
2139 1339 2500 1425 ponendum
2543 1346 2711 1417 erat,
2746 1360 2873 1403 non
2913 1362 3133 1425 unam,

735 1443 903 1528 quod
953 1446 1204 1529 proprie
1252 1445 1452 1529 accipi
1499 1465 1619 1510 non
1669 1453 1876 1528 potest
1924 1448 2123 1529 (quasi
2170 1446 2460 1529 opposita
2500 1448 2627 1509 sint
2660 1446 2847 1528 plura
2872 1448 3133 1531 itinera)

733 1550 842 1613 sed
893 1557 1089 1637 auget
1143 1555 1397 1614 tantum
1447 1552 1582 1614 vim
1639 1551 1917 1635 proximi
1958 1558 2318 1632 perpetuam.
2396 1548 2683 1614 Fortasse
2731 1550 2973 1635 aliquot
3018 1550 3129 1615 lit—

731 1663 902 1721 terae
945 1656 1266 1721 addendae
1282 1704 1299 1733 ,
1357 1664 1430 1721 ut
1478 1654 1735 1743 legatur
1785 1656 2130 1741 „funestam
2177 1656 2299 1719 tibi
2344 1653 2561 1719 illam'’
2608 1653 2745 1721 rell.
2797 1655 3129 1722 Proverbii

733 1762 862 1827 fere
926 1765 1201 1846 speciem
1261 1762 1490 1845 habet,
1555 1761 1723 1846 quod
1786 1770 1881 1825 est
1942 1761 2109 1845 apud
2172 1761 2454 1827 Nonium
2516 1783 2578 1847 p.
2631 1761 2785 1846 483,
2834 1760 2938 1827 fin.
2991 1761 3141 1847 (sed,

731 1869 868 1933 sine
929 1869 1134 1952 unam)
1202 1866 1574 1951 „Turpilius
1639 1866 2106 1953 Thrasyleone:
2178 1870 2317 1954 Age
2333 1915 2351 1945 ,
2401 1889 2543 1957 age,
2594 1868 2888 1956 egredere
2934 1875 3125 1953 atque

737 1976 987 2041 utinam
1036 1976 1202 2038 istuc
1251 1977 1630 2058 perpetuum
1679 1974 1872 2037 itiner
1912 1976 1998 2037 sit
2044 1970 2227 2036 tibi.”

823 2189 930 2254 34.
1007 2188 1160 2268 „Me
1207 2188 1518 2253 Kalendis
1562 2189 1882 2255 Ianuariis
1933 2225 2013 2235 —
2064 2188 2616 2272 frequentissimus
2662 2195 2937 2266 senatuS,
2985 2212 3119 2254 con-

729 2318 905 2359 cursu
953 2295 1214 2372 Italiae,
1263 2294 1573 2360 referente
1620 2294 1972 2359 clarissimo
2020 2315 2093 2358 ac
2141 2294 2486 2360 fortissimo
2527 2296 2665 2361 viro
2703 2295 2778 2359 P.
2818 2296 3112 2374 Lentulo,

728 2401 1154 2468 consentiente
1202 2408 1390 2487 atque
1439 2421 1564 2466 una
1612 2421 1766 2466 voce
1812 2399 2205 2466 revocavit.”

819 2506 1099 2573 Delenda
1164 2530 1448 2571 concursu
1512 2507 1757 2571 Italiae.
1852 2505 2161 2572 Kalendis
2208 2528 2284 2573 ex
2330 2524 2422 2573 so.
2479 2508 2986 2574 convocabantur
3032 2529 3110 2574 ex

723 2613 915 2680 Italia
975 2617 1086 2699 qui
1136 2613 1504 2682 Ciceronem
1563 2614 1818 2679 salvum
1868 2612 2143 2692 vellent,
2193 2614 2475 2680 nondum
2524 2620 2944 2682 convenerant
2986 2615 3109 2680 nisi

722 2722 924 2810 legati
985 2743 1062 2787 ex
1124 2721 1350 2797 Italia3
1419 2721 1498 2786 cf.
1566 2719 1725 2784 Sest.
1786 2717 1871 2784 72
1921 2728 1985 2783 et
2038 2718 2186 2784 128.
2236 2718 2517 2785 Insolens
2566 2723 2761 2785 etiam
2810 2725 2972 2786 ratio
3018 2721 3107 2786 lo-

722 2829 976 2913 quendi.
1025 2827 1266 2891 Eodem
1316 2828 1635 2911 pertinent
1682 2844 1843 2909 quae
1888 2825 2052 2890 infra
2100 2824 2445 2912 leguntur:
2498 2825 2619 2909 „ad
2664 2847 2875 2891 meam
2918 2829 3106 2891 unius

719 2934 974 2998 hominio
1043 2932 1315 2997 salutem
1389 2937 1643 2997 senatus
1715 2929 2029 2995 auxilium
2093 2936 2374 2996 omnium
2437 2935 2675 2998 civium
2742 2939 2967 3006 cuncta
3027 2954 3104 2997 ex

719 3038 906 3106 Italia
956 3075 1039 3087 —-
1090 3037 1365 3116 consulis
1413 3057 1564 3104 voce
1611 3043 1676 3102 et
1722 3035 1958 3102 litteris
2004 3037 2475 3122 implorandum
2524 3039 2845 3123 putavit.”
2898 3039 3101 3102 Homi-

717 3145 816 3208 πίε
884 3145 1125 3230 legitur
1178 3145 1245 3206 in
1304 3141 1376 3208 Τ.
1425 3141 1525 3226 V.,
1591 3145 1901 3209 omittunt
1946 3146 2180 3208 novicii
2229 3143 2493 3209 codices·
2588 3143 2867 3208 Hominis
2910 3144 3101 3209 habet

717 3249 999 3334 aliquam
1060 3255 1226 3314 certe
1290 3248 1641 3314 debilitatis
1685 3247 2213 3336 significationem
2259 3249 2399 3335 (pro
2450 3270 2551 3314 me
2571 3297 2587 3328 ,
2634 3271 2762 3316 uno
2808 3249 3061 3315 homine
3078 3296 3095 3326 ‚

715 3358 991 3422 surrexit
1060 3357 1264 3421 omnis
1322 3355 1540 3440 Italia)
1564 3404 1580 3432 ,
1643 3352 1760 3421 illo
1821 3358 2055 3421 omisso
2120 3359 2433 3421 sententia
2494 3362 2623 3421 est:
2690 3361 2935 3441 praeter
2996 3377 3097 3422 me

713 3463 953 3529 nemini
999 3465 1056 3528 is
1104 3463 1301 3529 honor
1345 3463 1605 3528 habitus
1651 3466 1767 3527 est.
1861 3461 2006 3527 Non
2052 3465 2255 3550 igitur
2303 3465 2520 3528 omitti
2568 3462 2784 3548 debet,
2824 3463 2935 3528 sed
2974 3461 3095 3527 eol-

710 3569 860 3635 latis
921 3568 1023 3634 hie
1083 3571 1260 3654 (cum
1326 3567 1536 3634 Senat.
1585 3573 1755 3655 grat.
1803 3565 1955 3653 24):
2004 3575 2117 3651 „ut
2163 3571 2377 3633 cuncti
2424 3589 2502 3634 ex
2547 3571 2725 3634 omni
2772 3568 2965 3634 Italia
3016 3605 3089 3617 —

713 3673 792 3740 ad
855 3695 960 3741 me
1021 3695 1260 3753 unum,
1310 3675 1633 3740 hominem
1679 3673 1954 3738 fractum
2004 3680 2068 3737 et
2114 3693 2307 3758 prope
2355 3675 2736 3760 dissipatum
2782 3675 3089 3760 (despera-

713 3787 856 3846 tum
872 3778 946 3864 ἵ),
1014 3782 1482 3848 restituendum
1545 3782 1833 3847 venirent
1849 3777 1909 3845 ‘l”
1956 3786 2111 3864 puto
2160 3778 2404 3864 aliquid
2453 3781 2757 3846 excidisse
2804 3787 2944 3865 post
2986 3782 3087 3844 ho-

710 3887 890 3951 minis
964 3887 1200 3953 veluti:
1283 3887 1506 3970 „fracti
1577 3891 1644 3950 et
1718 3883 2081 3952 debilitati’'
2140 3885 2255 3949 aut
2313 3883 2588 3964 similia,
2659 3906 2819 3971 quae
2892 3907 3089 3950 unum

709 4012 967 4060 versum
1015 3993 1142 4057 fere
1191 3990 1506 4077 expleant.

799 4205 901 4274 35.
971 4207 1090 4286 „de
1150 4204 1432 4292 collegae
1494 4204 1572 4284 Q.
1623 4204 1878 4270 Metelli
1924 4208 2239 4273 sententia
2259 4254 2275 4283 ‚
2322 4227 2513 4291 quem
2561 4226 2819 4271 mecum
2869 4205 3083 4272 eadem

705 4333 804 4380 res
873 4312 1162 4398 publica,
1233 4332 1395 4397 quae
1457 4313 1524 4375 in
1594 4311 1923 4376 tribunatu
1980 4314 2117 4377 eius
2180 4314 2573 4395 diiunxerat,
2638 4315 2706 4376 in
2753 4312 3083 4378 consulatu

705 4419 977 4510 [virtute
1025 4419 1256 4506 optimi
1303 4437 1374 4482 ac
1423 4419 1764 4484 iustissimi
1811 4419 1935 4482 viri
1986 4417 2443 4503 sapientiaque]
2494 4417 2889 4484 coniunxit.”
