3414 5158
1371 374 1767 427 mono-rus.
2679 356 2766 425 95

465 544 662 613 Recte
707 545 768 610 R
813 548 1122 623 nnyv'z'm,
1169 548 1243 609 ut
1288 542 1408 609 IV.
1459 541 1568 622 69,
1616 546 2024 627 κατεργνῦσι,
2074 547 2139 608 et
2184 543 2443 629 passim.

469 757 586 824 IV.
637 756 758 825 ¹73:
826 758 930 824 καὶ
994 762 1078 841 τῷ
1143 760 1319 841 νεκρῷ
1388 758 1682 824 άπάντων
1734 758 2185 839 παραπλησίως
2231 760 2601 840 παρατίθησι
2644 756 2763 827 ὅσα

378 872 534 930 τοῖσι
585 862 849 931 ἄλλοισι.

461 972 670 1038 Multo
719 971 947 1038 melior
995 978 1059 1036 et
1107 974 1315 1057 potior
1363 977 1457 1036 est
1505 968 1757 1037 Codicis
1802 968 1861 1033 R
1907 972 2243 1055 scriptura:
2299 970 2403 1035 καὶ
2453 973 2536 1053 τῷ
2583 973 2762 1053 νεκρῷ

367 1080 613 1145 πάντων
680 1084 1011 1155 παρατιθεῒ
1053 1086 1168 1143 τῶν
1219 1079 1324 1144 καὶ
1377 1086 1534 1143 τοῖσι
1582 1076 1849 1144 ἄλλοισι.
1902 1076 2071 1157 Quid
2116 1081 2289 1144 enim
2337 1080 2463 1145 sibi
2510 1080 2652 1146 vult
2696 1082 2765 1145 in

365 1186 484 1253 tali
529 1207 598 1253 re
643 1186 935 1253 additum
986 1184 1482 1265 παραπλησίωςῗ

457 1400 882 1466 Manifestum
933 1404 1226 1465 tenemus
1272 1396 1789 1484 interpolatorem
1841 1400 1908 1461 in
1954 1397 2076 1463 IV.
2128 1397 2250 1465 ¹75:
2299 1401 2631 1475 Ἐλληνικη
2670 1404 2768 1467 οὐ·

377 1508 564 1585 δεμία
614 1507 689 1571 ἄν
739 1532 844 1584 μιν
892 1508 1072 1587 πυρίη
1124 1506 1639 1592 (άποκρατήσειε·
1690 1505 1742 1569 οἱ
1793 1504 1854 1570 δὲ
1903 1504 2136 1569 Σκύθαι
2184 1504 2493 1584 άγάμενοι
2531 1518 2609 1591 τῇ
2651 1533 2763 1573 πυ-

371 1614 488 1695 ρίη)
541 1616 845 1695 ὠρύονται.
943 1612 1199 1677 Lacuna
1246 1616 1381 1677 erat
1423 1614 1491 1675 in
1539 1608 1770 1676 Codice
1819 1611 1987 1675 unde
2032 1610 2091 1675 R
2136 1616 2445 1679 manavit.
2510 1612 2764 1680 Omissa

373 1726 554 1787 erant
614 1720 808 1785 verba
872 1720 1322 1797 ἀποκρατήσειε
1374 1754 1457 1765 -
1509 1719 1690 1795 πυρίη
1754 1716 1835 1781 ob
1899 1717 2285 1783 vocabulum
2332 1719 2500 1785 idem
2551 1722 2619 1783 in
2669 1722 2763 1784 vi-

373 1830 542 1893 cinia
605 1828 972 1911 repetitum.
1072 1824 1240 1904 Quid
1303 1818 1658 1889 corrector?
1718 1822 1999 1902 ὠρύονται
2065 1826 2128 1888 in
2179 1824 2434 1904 ὠρύεται
2482 1826 2764 1891 mutavit

369 1931 696 2021 legitque:
765 1931 1021 2007 οὐδεμία
1087 1928 1164 1994 ἄν
1222 1952 1330 2006 μιν
1387 1928 1568 2008 πυρίη
1619 1930 1963 2009 ὥρύΕΤΛΙ.
2035 1927 2333 1996 Absurda
2376 1930 2531 1997 haec
2574 1937 2760 2010 sunt,

367 2042 476 2104 sed
523 2039 592 2103 id
637 2040 751 2103 isti
801 2043 1025 2103 curant
1070 2035 1336 2102 scilicet.

459 2144 858 2211 Huiusmodi
905 2142 1026 2209 loci
1068 2142 1390 2209 declarant
1430 2141 1648 2228 quales
1686 2142 1800 2208 isti
1839 2145 1970 2208 sint
2006 2142 2249 2209 iudices
2274 2148 2339 2209 et
2361 2149 2753 2212 correctores.

459 2356 580 2424 IV.
631 2355 750 2424 ¹75:
827 2356 1046 2423 ἔπειτα
1126 2355 1542 2435 ἐπιβάλλουσι
1606 2357 1676 2421 τὸ
1745 2356 1997 2439 σπέρμα
2060 2358 2159 2423 ἐπὶ
2223 2359 2362 2432 τοὺς
2410 2359 2757 2442 διαφανέας

371 2465 572 2536 λίθους
623 2464 737 2549 [τῷ
788 2464 982 2549 πυρί].

465 2568 880 2658 Magistellus
926 2568 1173 2636 addidit
1217 2569 1301 2650 τῷ
1349 2568 1529 2652 πυρί,
1579 2568 1748 2655 quod
1794 2570 1862 2634 in
1906 2568 2177 2636 alienam
2230 2570 2443 2638 sedem
2485 2571 2758 2641 devenit.

371 2677 602 2744 Paullo
664 2683 810 2743 ante
855 2698 990 2763 cap.
1043 2675 1149 2741 73.
1197 2675 1564 2741 Herodotus
1610 2675 1889 2741 dixerat:
1939 2678 2135 2750 λίθους
2184 2677 2255 2740 ἐκ
2299 2679 2480 2758 πυρὸς
2531 2678 2761 2762 διαφα-

372 2785 512 2856 νέας
572 2784 954 2861 ἐσβάλλουσι
1004 2783 1064 2855 ἐς
1113 2781 1391 2865 σκάφην.
1438 2781 1665 2867 Itaque
1712 2781 1813 2848 ἐπὶ
1863 2782 2003 2854 τοὺς
2044 2784 2241 2856 λίθους
2292 2783 2646 2872 significat:
2694 2787 2761 2850 in

369 2892 599 2976 lapides
662 2891 842 2978 (quos
905 2887 1094 2955 modo
1157 2889 1472 2973 dicebam)
1526 2911 1719 2954 semen
1776 2889 2131 2974 coniiciunt,
2195 2895 2258 2956 et
2318 2889 2413 2956 nil
2460 2912 2619 2977 opus
2664 2897 2761 2958 est

368 3001 607 3064 iterum
654 3017 906 3063 narrare
951 3017 1056 3062 eos
1102 2994 1348 3081 lapides
1384 3003 1519 3077 ique
1557 2996 1842 3063 candere.
1938 2999 2267 3078 Διαφανής
2311 3001 2524 3084 ipsum
2567 3001 2759 3086 signi-

367 3102 516 3171 ficat
561 3105 832 3170 candens.
885 3103 964 3169 cf.
1014 3100 1098 3168 II.
1151 3101 1274 3168 92:
1329 3101 1388 3166 ἐν
1435 3100 1713 3186 κλιβάνῳ
1756 3103 2054 3186 διαφανέϊ
2097 3102 2441 3181 πνίξαντες.

455 3318 573 3386 IV.
628 3317 750 3387 75:
799 3317 1012 3392 εὐωδίη
1058 3318 1264 3398 σφέας
1315 3316 1441 3383 άπὸ
1491 3316 1709 3384 τούτου
1751 3319 1990 3400 ”mxu-

456 3424 601 3491 Non
665 3430 763 3491 est
809 3424 984 3491 idem
1032 3424 1236 3505 ἴσχειν
1283 3430 1349 3491 et
1395 3425 1584 3508 ἔχειν.
1634 3425 1883 3492 Verum
1931 3429 2213 3494 servavit
2257 3426 2319 3492 R
2363 3427 2489 3493 άπὸ
2535 3426 2753 3494 τούτου

401 3539 573 3612 exst.

458 3742 573 3811 IV.
625 3744 742 3812 ¹76:
810 3745 839 3810 ὃ
903 3743 1287 3826 Ἀνάχαρσις
1355 3749 1466 3821 την
1525 3746 1699 3825 ὁρτὴν
1766 3745 2056 3812 ἐπετέλεε
2107 3749 2323 3812 πᾶσαν
2366 3757 2443 3830 τῇ
2491 3751 2600 3831 θεῷ
2650 3749 2753 3835 (τῇ

370 3852 554 3930 μητρὶ
615 3858 732 3916 τῶν
797 3853 963 3938 θεῶν)
1007 3852 1335 3929 τύμπανόν
1385 3877 1458 3916 τε
1505 3851 1668 3932 ἔχων
1719 3851 1825 3915 καὶ
1877 3851 2281 3929 ἐκδησάμενος
2328 3853 2756 3933 άγάλμαΤΑ.

461 3955 832 4044 Legendum
881 3960 1318 4036 άγαλμάτῐᾼ.
1373 3955 1550 4024 Galli
1589 3955 1863 4040 Cybeles
1901 3959 2251 4024 sacerdotes
2290 3981 2415 4026 non
2436 3961 2757 4025 simulacra

373 4062 630 4128 deorum
653 4112 668 4140 ,
741 4065 851 4129 sed
915 4066 1318 4146 imaqunculao
1379 4085 1457 4128 ex
1502 4071 1756 4148 pectore
1803 4085 2135 4150 suspensas
2180 4066 2553 4155 gestabant,
2604 4087 2760 4152 quas

369 4176 436 4236 et
479 4171 709 4242 τύπους
758 4169 1100 4256 appellant..
1192 4169 1507 4256 Polybius
1555 4169 1767 4236 XXII.
1808 4169 1933 4237 20:
1982 4175 2484 4253 παραγίγνονται
2526 4174 2759 4240 Γάλλοι

369 4279 544 4359 παρὰ
612 4285 730 4344 τῶν
801 4279 870 4342 ἐκ
933 4283 1362 4351 Πεσσινοῦντος
1421 4277 1618 4358 ἱερέων
1682 4286 1793 4353 τῆς
1856 4279 2085 4358 μητρὸς
2150 4285 2266 4344 τῶν
2318 4281 2457 4344 θεῶν
2504 4279 2754 4360 ἔχοντες

370 4385 723 4466 προςηθίδια
785 4384 892 4451 καὶ
957 4384 1220 4462 τύπους,
1288 4389 1354 4450 et
1412 4387 1650 4451 iterum
1701 4385 1870 4472 apud
1917 4383 2187 4452 Suidam
2231 4407 2296 4452 v.
2346 4386 2615 4457 Γάλλοι;
2670 4424 2752 4437 -

367 4491 662 4560 άπέςειλε
709 4492 1054 4564 νεανίσκους
1106 4489 1524 4565 διασκευάσας
1577 4493 1635 4566 ἐς
1688 4491 1969 4564 Γάλλους
2020 4529 2103 4542 -
2155 4491 2403 4573 ἔχοντες
2446 4494 2753 4576 τύμπανα
