3414 5158
1442 355 1633 408 mus.
2102 349 2107 354 ·
2620 339 2739 409 121

355 527 537 590 extra
597 521 1065 590 dubitationem
1127 524 1335 609 posito
1389 528 1488 590 est
1529 521 1937 610 Empedoclis
1983 524 2371 591 testimoniis
2394 575 2411 602 ‚
2463 525 2575 611 qui
2618 545 2743 592 vss.

361 627 448 694 ’73
511 634 576 695 et
643 628 771 695 139
821 631 914 696 sic
960 631 1218 695 vocavit
1258 649 1469 696 rerum
1497 632 1915 717 fundamenta
1936 677 1953 707 ,
2001 633 2047 697 i.
2072 651 2129 699 e.
2176 633 2477 697 elementa.
2568 631 2749 698 Indi-

361 735 508 801 dem
577 735 750 802 haud
819 735 1016 802 dubio
1082 736 1348 802 ductum
1424 741 1522 803 est
1589 737 2076 819 τετραθέλυμνον
2148 737 2393 826 (σάκος)
2464 747 2519 803 O
2593 737 2749 816 479,

358 865 412 923 χ
465 840 596 908 122
641 859 718 894 =
739 841 1176 925 τετραπτυχον
1199 893 1218 918 ,
1267 842 1376 910 sed
1420 843 1587 911 nihil
1626 844 1746 911 hoc
1783 843 2095 912 vocabulo
2110 893 2129 924 ,
2171 850 2247 912 ut
2285 843 2513 911 multis
2532 845 2749 912 visum

359 953 500 1028 est,
565 948 907 1015 adiuvatur
975 948 1170 1016 huius
1238 948 1364 1016 loci
1425 952 1885 1036 interpretatio.
1964 951 2149 1018 -Num
2215 951 2323 1018 vel
2384 953 2440 1017 si
2484 950 2565 1018 ad
2614 951 2753 1017 eius

357 1053 728 1140 exemplum
789 1053 1030 1143 fingere
1074 1055 1258 1121 nobis
1303 1055 1525 1122 liceret
1578 1077 1801 1124 vocem
1849 1055 2234 1139 τριθέλυμνος
2252 1108 2273 1132 ,
2320 1077 2401 1123 ne
2445 1055 2567 1124 hoe
2610 1058 2753 1142 qui-

359 1161 504 1226 dem
553 1163 654 1227 uti
691 1179 1024 1247 possemus
1074 1163 1154 1228 ad
1201 1163 1647 1250 corrigendum
1697 1161 1887 1236 σάκος
1936 1164 2123 1230 σάκεϊ
2165 1164 2555 1245 τριθελύμνῳ.
2636 1162 2753 1228 Est

357 1269 530 1331 enim
588 1267 928 1334 manifesto
981 1267 1213 1334 horum
1279 1269 1618 1335 verborum
1649 1289 1745 1336 ea
1790 1271 1988 1348 ratio,
2035 1275 2111 1335 ut
2158 1267 2417 1357 singula
2460 1269 2753 1334 substan-

357 1375 494 1438 tiva
563 1371 698 1452 δόρυ
769 1371 971 1454 δουρί,
1011 1373 1230 1446 ·σαἐκος
1295 1373 1482 1439 σάκεϊ
1539 1373 1795 1440 nullum
1859 1375 2067 1440 ferant
2112 1375 2535 1451 adiectivum,
2586 1373 2755 1460 quod

355 1498 482 1544 non
529 1478 612 1545 ad
657 1482 871 1546 omnis
917 1479 1117 1545 simul
1161 1480 1382 1546 referri
1430 1482 1649 1565 possit.
1702 1477 1807 1547 Of.
1858 1501 1923 1546 v.
1972 1501 2025 1547 o.
2078 1490 2133 1545 Ο
2184 1478 2317 1545 216

635 1585 824 1654 οἰσπὶο
873 1584 928 1648 δ’
976 1585 1193 1650 ἀσπίδ’
1244 1584 1470 1670 ἤρειδε,
1521 1585 1693 1665 κόρυς
1743 1583 1917 1665 κόρυν
1938 1635 1959 1663 ,
2012 1585 2197 1667 ἀνέρα
2224 1586 2299 1651 ’δ’
2344 1583 2513 1666 ἀνήρ.

363 1696 426 1755 et
488 1690 738 1757 videbis
798 1689 964 1755 nulli
1013 1693 1084 1756 in
1132 1691 1370 1757 talibus
1417 1690 1702 1776 epitheto
1749 1691 1965 1758 locum
2013 1713 2169 1758 esse.
2264 1690 2389 1757 Sed
2434 1689 2601 1756 nihil
2648 1690 2757 1756 ob-

361 1801 492 1861 stet
561 1797 906 1880 quominus
962 1797 1233 1862 addatur
1293 1797 1684 1864 adiectivum
1749 1798 2256 1884 praedicativum
2324 1797 2493 1883 quod
2540 1799 2757 1863 omnis
2884 1827 2889 1830 ·

364 1901 560 1967 simul
605 1907 888 1988 spectet,
938 1905 1410 1989 scribaturque:

634 2005 992 2089 Φράξαντες
1040 2007 1175 2092 δόρυ
1222 2009 1374 2090 δουρὶ
1424 2007 1615 2082 σάκος
1661 2008 1847 2076 σάκεϊ
1891 2009 2436 2089 προθέλυμνα.

456 2111 623 2180 Loco
670 2116 760 2179 sio
807 2116 1104 2180 restituto
1145 2117 1362 2200 quaeri
1403 2120 1651 2201 potest,
1692 2136 1773 2181 an
1815 2137 1893 2182 ex
1927 2119 2182 2183 notione
2206 2116 2537 2204 fumidus,
2561 2137 2757 2202 quam

368 2218 682 2286 adiectivo
742 2223 1060 2306 propriam
1121 2241 1256 2288 esse
1312 2221 1627 2307 vidimus,
1692 2222 1965 2289 derivari
2021 2226 2222 2310 possit
2266 2225 2441 2290 notio
2479 2225 2753 2309 penitus,

354 2347 605 2409 prorsus
618 2373 637 2405 ,
709 2331 786 2391 ut
859 2331 1047 2412 poeta
1106 2326 1412 2394 volueritx
1465 2349 1723 2412 prorsus
1783 2329 2008 2415 (arcte)
2072 2330 2469 2413 constipantes
2526 2330 2757 2394 kastam

357 2432 538 2496 hasta
556 2479 574 2512 ‚
617 2439 844 2498 acutum
889 2431 1101 2498 scuto?

452 2654 514 2715 N
565 2646 766 2828 614¹}
810 2776 903 2820 τοι
951 2750 980 2820 ὃ
1028 2754 1144 2832 μὲν
1191 2753 1424 2835 κόρυθος
1471 2753 1680 2837 Φάλον
1728 2754 1965 2831 ἤλασεν
2009 2754 2415 2831 ἱπποδασείης

723 2859 903 2941 ἄκρον
953 2861 1068 2927 ὑπὸ
1117 2860 1310 2944 λόφον
1359 2859 1583 2946 αὐτόν,
1631 2858 1659 2927 ὃ
1709 2860 1771 2926 δὲ
1822 2862 2148 2943 προσιόντα
2194 2860 2477 2941 μέτωπον

721 2967 870 3051 ῥινὸς
919 2968 1066 3049 ὑπὲρ
1112 2966 1527 3046 πυμάτης.

451 3074 621 3143 Cum
691 3076 981 3153 πόματος
1044 3075 1218 3142 idem
1279 3074 1492 3141 valeat
1553 3073 1723 3159 quod
1789 3070 2094 3154 ἔσχατος,
2154 3076 2373 3161 itaque
2428 3075 2624 3141 etiem
2674 3075 2753 3141 de

359 3182 654 3248 inferiore
717 3182 972 3247 nerium
1033 3185 1212 3267 parte
1255 3179 1552 3268 intellegi
1593 3181 1831 3267 possit,
1878 3183 2087 3247 nescio
2136 3201 2214 3246 an
2258 3185 2445 3266 poeto
2492 3200 2751 3248 accura-

361 3289 492 3353 tius
537 3293 604 3353 et
647 3287 964 3353 constanti
1009 3287 1120 3371 qui
1169 3284 1325 3352 elias
1365 3287 1610 3352 obtinet
1644 3286 1983 3353 verborum
2024 3288 2171 3353 usui
2210 3286 2751 3353 accommodatius

360 3394 696 3459 cecinerit:
745 3394 896 3473 ῥινὸς
945 3392 1091 3472 ὑπὲρ
1139 3399 1540 3471 πρυμνῆς,
1587 3395 1631 3457 i.
1659 3412 1715 3457 e.
1763 3414 1947 3475 supra
1992 3398 2229 3457 narium
2270 3394 2550 3457 radicem.
2645 3392 2749 3459 Sic

257 3526 264 3533 ·
357 3507 418 3565 N
469 3498 600 3565 532
664 3500 767 3591 (cf.
823 3498 981 3585 529)
1046 3499 1314 3581 πρυμνὸς
1376 3498 1661 3579 βραχίων
1725 3499 1961 3565 dieitur
2022 3500 2255 3563 brachii
2308 3520 2455 3583 pare
2512 3501 2749 3565 humero

351 3606 628 3689 proxima
703 3604 808 3691 (of.
874 3616 931 3671 Π
999 3604 1198 3690 323),
1269 3611 1534 3683 γλῶσσα
1604 3605 1845 3685 πρυμνιὶ
1915 3612 1967 3669 Ε
2017 3603 2151 3685 292
2221 3606 2465 3686 linquae
2530 3605 2747 3689 radim,

358 3712 623 3791 πρυμνὸν
671 3711 887 3782 σκέλος
937 3720 994 3776 Η
1043 3709 1177 3777 314
1225 3712 1496 3795 cupa-ior
1541 3709 1748 3775 tibiae·
1763 3732 1910 3792 pars
1931 3710 2169 3794 femori
2196 3709 2472 3793 proxima
2487 3756 2504 3788 ,
2546 3733 2749 3790 πρυμ-

357 3815 618 3883 νότατον
657 3824 836 3884 νῶτον
884 3818 940 3903 (ρ
989 3816 1142 3896 463,
1191 3815 1268 3881 cl.
1321 3812 1481 3903 504)
1544 3836 1819 3898 suprema
1878 3815 2029 3895 ter-qi
2065 3838 2216 3897 pare
2259 3815 2475 3881 cervici
2508 3817 2743 3895 vicina,

359 3929 424 3989 et
487 3926 748 3991 omnino
821 3923 1090 4003 πρυμνόν
1160 3921 1660 4008 unumquodque
1730 3922 2097 3986 membrum
2168 3921 2297 3987 dici
2332 3984 2337 3987 .
2367 3921 2563 4001 solet,
2624 3943 2749 4008 quo

357 4037 536 4116 parte
583 4030 768 4097 alteri
817 4030 1150 4107 adhaeret,
1201 4046 1458 4113 prorsus
1501 4031 1577 4091 ut
1622 4026 1845 4110 arbor,
1893 4046 2017 4111 qus
2064 4032 2244 4112 perte
2290 4033 2493 4095 terrae
2529 4027 2747 4095 inhae-

356 4142 454 4201 ret
516 4138 780 4225 egitque
843 4134 1088 4200 radices
1151 4135 1417 4199 vocetur
1475 4133 1717 4212 πρυμνῆ
1786 4126 1900 4206 ὕλη
1956 4137 2053 4213 (Μ
2106 4132 2266 4220 159)
2313 4140 2381 4199 et
2425 4133 2587 4219 lupis
2634 4135 2747 4199 ubi

355 4248 590 4308 terram
639 4244 854 4329 tangit
902 4240 1142 4321 πρυμνῆ
1194 4236 1355 4309 λίθος
1404 4238 1501 4323 (Μ
1545 4236 1729 4325 446).
1778 4236 1874 4304 Of.
1919 4250 2167 4325 quoque
2208 4260 2429 4307 vocem
2471 4263 2745 4321 πρυμνω-

351 4348 474 4429 ρείη
522 4348 596 4433 (Ξ
645 4345 825 4434 307).
875 4344 1158 4413 Proelivi
1203 4348 1420 4411 autem
1467 4365 1674 4411 errore
1721 4353 2141 4411 ΠΡΤΜΝΗΣ
2190 4348 2257 4411 in
2308 4355 2739 4415 ΠΤΜΑΤΗΣ

349 4454 680 4540 depravari
726 4454 976 4540 potuit,
1023 4472 1170 4517 cum
1213 4452 1584 4535 praesertim
1633 4450 2035 4536 praecederet
2077 4450 2295 4519 littera
2339 4462 2406 4518 P.
