3414 5158
684 380 811 449 1¹70
1670 392 2066 445 monorue.

768 564 878 631 VI.
933 562 1089 629 1363
1166 570 1277 638 τῆς
1339 558 1561 641 μάχης
1624 584 1697 626 τε
1757 569 1867 636 τῆς
1932 562 1992 625 έν
2056 560 2389 642 Μαραθῶνι
2453 556 2784 638 γενομένης
2847 558 3066 624 πολλοὶ

680 668 1161 750 ἐπιμεμνημένοι
1226 668 1331 734 καὶ
1394 670 1534 755 [την
1580 669 1834 746 Λήμνου
1878 664 2130 754 αἵρεσιν]
2179 668 2256 740 ὣς
2307 666 2457 731 ἑλὼν
2505 672 2760 744 Λῆμνον
2811 702 2896 714 -
2942 690 3072 731 πα·

677 778 897 859 ρέδωκε
948 775 1337 851 Ἀθηναίοισι.

768 882 1187 950 Manifestum
1244 879 1566 947 emblema
1624 900 1881 966 prorsus
1937 879 2170 946 inutile
2226 884 2290 945 et
2351 879 2879 965 compositionem
2929 900 3071 945 ver-

680 992 909 1059 borum
958 990 1191 1058 vitians
1241 986 1672 1054 resecandum.

772 1204 883 1270 VI.
938 1201 1106 1271 136:
1171 1200 1524 1277 Μιλτιάδης
1582 1201 1695 1279 μὲν
1739 1200 1911 1279 μετὰ
1958 1204 2170 1266 ταῦτα
2219 1202 2722 1283 σφακελίσαντος
2775 1198 2904 1287 [τε]
2959 1203 3070 1265 τοῦ

680 1315 870 1392 μηροῦ
922 1310 1052 1397 [καὶ
1101 1308 1431 1397 σαπέντος]
1488 1314 1782 1392 τελευτᾷ.

770 1414 984 1483 Codex
1031 1416 1096 1481 R
1142 1440 1211 1480 τε
1256 1416 1539 1491 omittit,
1586 1416 1866 1501 optime,
1916 1433 2066 1478 nam
2115 1416 2206 1479 sie
2251 1414 2546 1501 arguitur
2591 1411 2914 1479 emblema
2960 1410 3067 1477 καὶ

630 1519 637 1525 ’
681 1520 1002 1597 σαπέντος.
1099 1520 1279 1588 Idem
1341 1526 1437 1587 eet
1486 1520 1990 1602 σφακελίσαντος
2040 1524 2106 1585 et
2153 1518 2481 1592 σαπέντος.
2533 1520 2611 1585 ef.
2663 1518 2744 1585 ad
2790 1516 2902 1584 ΠΙ.
2957 1516 3068 1585 66.

770 1735 881 1803 Vl.
936 1734 1098 1803 1373
1148 1734 1286 1801 ἐπεί
1329 1759 1399 1800 τε
1442 1736 1570 1815 γαρ
1616 1733 1764 1801 ἰδεῖν
1814 1735 1953 1808 τοὺς
2005 1733 2356 1810 Ἀθηναίους
2405 1736 2517 1810 την
2562 1730 3072 1816 χώρην-ταύ·

682 1866 793 1917 την
854 1844 931 1914 ὦς
977 1843 1122 1908 ἷδεῒν
1171 1840 1336 1928 [τοὺς
1386 1840 1768 1928 ’Λθηναίους]
1821 1878 1908 1891 —
1953 1839 2058 1906 καὶ
2107 1837 2259 1907 οὕτω
2309 1839 2654 1919 ἐξελαύνειν
2703 1840 2927 1911 αὐτοὺς
2975 1842 3076 1905 οὐ·

681 1948 903 2027 δεμίαν
949 1946 1149 2024 ἄλλην
1195 1946 1506 2029 πρόφασιν
1554 1947 2029 2028 προῖσχομένους
2081 1948 2244 2034 [τοὺς
2293 1946 2695 2033 Ἀθηναίους].

772 2054 977 2119 Aufer
1023 2055 1122 2120 bie
1164 2052 1497 2139 pueriliter
1541 2056 1888 2138 repetitum
1934 2054 2074 2125 τοὺς
2129 2053 2503 2127 Ἀθηναίους.

776 2263 888 2331 VI.
942 2262 1109 2330 139:
1175 2269 1210 2342 ἦ
1277 2264 1339 2331 δὲ
1400 2266 1591 2341 Πυθίη
1653 2264 1859 2348 σφέας
1909 2266 2154 2333 ἐκέλευε
2202 2266 2568 2344 Ἀθηναίοισι
2614 2265 2792 2340 δι’κας
2847 2266 3070 2333 διδόναι

686 2372 930 2445 ταύτας
979 2372 1098 2446 τὰς
1146 2370 1224 2437 ἂν
1268 2370 1442 2437 αὐτοὶ
1495 2371 1798 2448 Ἀθηναῖοι
1850 2372 2173 2439 δικαὊωσι.

774 2478 1079 2544 Alienum
1146 2498 1184 2544 a
1249 2476 1375 2543 loci
1441 2480 1755 2544 sententia
1823 2484 1889 2545 et
1947 2485 2176 2546 natura
2239 2480 2332 2545 rei
2390 2484 2490 2545 eet
2544 2478 2834 2546 δικάσωσι
2863 2530 2880 2557 ,
2945 2500 3075 2546 non

685 2587 855 2650 enim
918 2587 987 2649 in
1032 2584 1269 2676 iudicio
1316 2604 1389 2650 ea
1435 2605 1533 2650 ree
1586 2585 1917 2673 agebatur.
2010 2585 2293 2652 Emenda
2340 2607 2468 2652 una
2512 2584 2773 2653 literula
2817 2592 3074 2652 mutata

685 2693 1017 2770 δικΑΙῶσι,
1066 2692 1360 2757 δικαιῶσι.
1410 2692 1489 2756 ef.
1538 2691 1653 2756 IX.
1702 2690 1825 2756 933
1874 2693 1941 2757 οὔ
1979 2691 2260 2774 πρότερον
2303 2692 2650 2758 παύσεσθαι
2680 2693 3074 2775 τιμωρέοντες

684 2799 883 2880 ἐκείνῳ
950 2798 1088 2879 πρὶν
1158 2799 1193 2874 ἢ
1267 2796 1439 2870 δίκας
1512 2799 1653 2862 δῶσι
1724 2803 1840 2862 τῶν
1911 2798 2206 2872 ἐποίησαν
2267 2798 2512 2870 ταύτας
2577 2799 2691 2872 τοὶς
2755 2800 2831 2865 ἂν
2883 2799 3072 2872 αὐτὸς

692 2902 966 2993 [ἕληται
1007 2905 1145 2988 καὶ]
1217 2904 1456 2968 δικαιοῖ.
1549 2902 1695 2968 Non
1766 2909 1861 2969 est
1936 2906 2234 2971 verbosus
2297 2904 2660 2971 Herodotus
2723 2927 2927 2992 neque
2978 2908 3076 2972 bie

679 3010 852 3077 idem
904 3011 1081 3076 dieit.
1129 3009 1357 3095 Itaque
1402 3006 1622 3085 ἕληται
1670 3009 1781 3074 καί
1825 3012 2116 3094 spurium
2166 3013 2278 3076 est.

783 3221 886 3287 VI.
942 3220 1109 3287 140:
1174 3220 1535 3302 Ἠφαις-ιέες
1583 3219 1698 3298 μέν
1748 3244 1846 3286 νυν
1893 3219 2265 3306 §areston-o,
2315 3230 2632 3302 Μυριναῖοι
2683 3222 2746 3287 δὲ
2803 3260 2884 3271 -
2935 3225 3076 3288 ἐπο-

684 3328 1035 3409 λιορκὲοντο.

774 3433 1146 3522 [aeg-endum
1193 3432 1506 3510 ἕπῑθοντο,
1562 3439 1637 3498 ut
1679 3436 1748 3498 in
1797 3431 2027 3499 Codice
2070 3432 2131 3499 R
2177 3434 2492 3520 seriptum
2537 3442 2656 3500 est.
2748 3434 3073 3521 Imposuit

680 3541 903 3608 scribis
949 3561 1212 3626 sequens
1257 3540 1707 3627 imperfectum
1755 3539 2197 3621 ἐπολιορκέοντο
2216 3587 2234 3617 ,
2281 3539 2392 3606 sed
2431 3561 2555 3607 non
2595 3547 2694 3606 eet
2738 3543 3074 3626 utriusque

682 3647 859 3715 verbi
922 3647 1143 3712 eadem
1206 3648 1390 3713 ratio.
1482 3645 1587 3711 Illi
1646 3648 1820 3712 enim
1871 3647 2076 3710 statim
2121 3645 2516 3713 deditionem
2563 3647 2850 3713 fecerunt
2868 3695 2886 3732 ‚
2935 3648 3072 3713 ἐπί-

676 3756 840 3820 θοντο
860 3802 878 3839 ,
927 3753 995 3818 hi
1041 3753 1403 3839 aliquamdiu
1453 3752 1843 3819 obsidionem
1889 3752 2273 3838 tolerarunt,
2325 3752 2793 3834 ἐπολιορκέοντο.

1589 3905 1615 3990 (
1626 3902 1750 3970 Gon
1756 3905 2146 3984 tinuabibur.)

2331 4085 2404 4155 G.
2457 4087 2537 4154 Gr.
2586 4087 2882 4156 ΟΟΒΕΤ.
