3414 5158
609 256 698 329 3'0
1613 266 1974 328 »mmmm

604 466 803 515 mem.
877 444 1152 533 Legitur
1209 440 1278 509 in
1331 443 1516 510 libris
1578 446 2033 530 manuscriptis
2097 441 2361 530 Olymp.
2412 436 2509 508 VI
2560 440 2672 507 15:
2722 432 2887 508 ἑπτὰ
2936 436 2991 508 ³¹

609 552 830 620 ἔπειτα
893 554 1091 632 πυρῶν
1153 556 1364 633 νεκρῶν
1419 549 1998 617 τελεσθέντων.
2092 547 2220 615 Hic
2266 550 2551 635 primum
2598 553 2768 616 recte
2813 547 2993 616 docet

609 659 932 748 Bergkius
976 658 1052 724 id·
1089 658 1258 744 quod
1303 660 1372 723 in
1417 658 1634 725 oculos
1673 660 1943 724 incurrit
1960 704 1977 735 ‚
2020 654 2358 743 vulgatam
2398 655 2731 722 lectionem
2756 655 2993 723 servari

611 786 737 831 non
803 784 986 851 posse
1002 784 1020 842 ;
1093 783 1296 849 neque
1355 765 1526 830 enim
1591 763 1789 845 πυρὰς
1846 783 2051 849 neque
2097 760 2329 843 νεκροὺς
2376 761 2505 828 dici
2550 762 2955 834 τελεσθέντας
2972 809 2992 840 ,

612 889 1003 956 quamquam
1064 870 1303 936 fuerint
1361 869 1474 956 qui
1535 869 1809 937 alterum
1858 874 2080 934 utrum
2130 872 2242 933 aut
2286 868 2625 953 probarent
2672 873 2785 935 aut
2828 871 2996 934 certe

603 981 1000 1042 excusarent.
1051 974 1294 1042 Deinde
1338 980 1482 1062 post
1527 976 1682 1041 satis
1730 974 1991 1063 long-am
2040 974 2537 1060 disputationem
2554 1022 2572 1047 ,
2626 994 2785 1060 quae
2830 972 2997 1039 nihil

612 1081 693 1148 ad
755 1102 872 1148 nos
889 1130 908 1167 ,
969 1087 1252 1148 recenset
1311 1084 1378 1145 in
1440 1101 1595 1168 quas
1653 1083 2041 1167 suspiciones
2085 1082 2209 1146 viri
2259 1080 2430 1146 docti
2474 1079 2848 1146 inciderint:
2900 1102 2997 1145 τε·

611 1190 966 1273 λεσθεισῶν,
1037 1194 1200 1272 πυρᾷ
1262 1194 1476 1269 νεκρῶν
1544 1187 1949 1253 τελεσθέντων
1970 1234 1989 1270 ,
2062 1185 2490 1251 πελασθέντων
2507 1233 2525 1263 ,
2599 1185 2957 1264 ἆμαθέντων
2976 1236 2993 1263 ,

613 1294 1018 1370 έτασθέντων,
1067 1299 1282 1374 νεκρῶν
1322 1318 1395 1359 τε
1441 1292 1861 1375 Φλεχθέντων.
1934 1292 2217 1359 Nomina
2258 1293 2678 1377 interpretum
2701 1339 2720 1375 ‚
2767 1292 2999 1379 quibus

615 1407 750 1467 tam
806 1400 979 1467 bella
1025 1407 1388 1467 commenta
1432 1399 1776 1480 debentur,
1829 1400 2085 1466 honoris
2132 1418 2321 1465 causa
2367 1399 2608 1466 tacebo.
2702 1397 2845 1484 Ipse
2891 1418 2998 1464 au-

615 1514 751 1575 tem
815 1506 1174 1596 Bergkius,
1251 1511 1588 1592 postquam
1651 1504 2042 1595 significavit
2086 1525 2155 1571 se
2199 1504 2357 1571 olim
2404 1506 2745 1571 coniecisse
2788 1511 2997 1584 νεκρῶν

613 1617 674 1680 τ’
747 1612 1100 1679 έδεσθέντων
1116 1660 1135 1697 ,
1204 1633 1375 1678 nunc
1443 1613 1633 1678 unice
1705 1610 2152 1699 amplectitur.
2234 1616 2447 1692 νεκρῶν
2514 1634 2585 1677 τε
2650 1610 2995 1685 νησθέντων.

614 1724 850 1808 Aperte
911 1719 1154 1785 dicam·
1220 1717 1378 1784 talia
1444 1718 1610 1783 mihi
1672 1737 1978 1784 nauseam
2036 1722 2250 1785 creant
2304 1724 2370 1783 et
2430 1718 2558 1783 nisi
2599 1701 2999 1785 contemnere

614 1827 846 1895 audeas
910 1846 1071 1911 quae
1129 1830 1262 1890 tam
1327 1828 1725 1910 praepostere
1785 1825 2150 1911 excogitata
2192 1824 2486 1899 fuerunt.
2534 1844 2885 1911 numquam
2932 1825 3001 1888 in

613 1956 683 2001 re
745 1935 968 2000 critica
1011 1931 1203 1997 facies
1251 1949 1475 2017 operae
1513 1931 1820 2016 pretium.
1914 1928 2034 1994 me
2082 1934 2295 1995 tamen
2344 1934 2442 1995 est
2487 1929 2806 2018 Bergkius
2850 1933 2963 2017 qui
2980 1979 3001 2016 ,

615 2042 852 2127 pagina
912 2044 1008 2105 est
1075 2035 1230 2116 281,
1277 2038 1564 2123 queritur
1611 2035 1689 2102 de
1736 2019 1961 2102 Cobeti
2007 2036 2405 2101 tumultuaria
2448 2038 2722 2103 doctrina
2739 2086 2755 2113 ,
2806 2058 2999 2124 quem

615 2149 831 2231 ipsum
893 2143 1081 2210 facile
1141 2151 1238 2209 est
1302 2145 1606 2209 coniicere
1667 2141 1822 2227 quid
1870 2142 1947 2208 de
1990 2141 2111 2208 hoc
2154 2145 2609 2229 intempestivo
2656 2145 2999 2212 adnotandi

614 2272 846 2340 genere
896 2252 1428 2336 pronunciatur-us
1473 2252 1579 2314 sit.
1675 2248 1838 2315 Octo
1882 2255 2033 2313 sunt
2076 2251 2476 2316 coniecturae
2492 2298 2510 2329 ,
2552 2271 2820 2336 quarum
2860 2272 2997 2337 sep-

617 2362 749 2421 tem
809 2357 1158 2422 necessario
1219 2354 1414 2421 falsae
1477 2360 1626 2420 sunt
1685 2360 1752 2420 et
1812 2375 1892 2420 ne
1938 2374 2067 2419 una
2114 2356 2372 2441 quidem
2422 2358 2577 2422 satis
2620 2357 2994 2424 verisimilis

610 2467 724 2528 est.
821 2459 927 2527 Ab
986 2459 1126 2527 loco
1185 2466 1320 2527 tam
1385 2460 1556 2527 male
1613 2459 1835 2526 habito
1898 2466 2177 2547 praestat
2222 2482 2446 2530 manus
2492 2462 2805 2531 abstinere
2821 2510 2838 2542 ‚
2886 2462 2995 2531 sed

609 2566 794 2634 facile
857 2572 1074 2634 tamen
1135 2573 1233 2633 est
1276 2565 1582 2634 leniorem
1632 2567 2019 2634 medicinam
2068 2567 2396 2644 adhibere,
2445 2591 2638 2655 quam
2686 2592 2797 2638 eae
2842 2577 2990 2638 sunt

609 2693 770 2759 quae
813 2675 1140 2759 hucusque
1179 2673 1473 2740 admotae
1510 2661 1789 2739 fuerunt.
1839 2669 2102 2738 Contuli
2142 2673 2440 2760 equidem
2476 2673 2738 2763 Olymp.
2778 2677 2840 2742 11
2868 2678 2987 2742 15:

609 2781 730 2846 οὐδ’
778 2780 856 2846 ἂν
903 2779 1116 2860 χρόνος
1165 2780 1194 2844 ὃ
1242 2781 1488 2844 πάντων
1537 2781 1743 2860 πατὴρ
1791 2777 2037 2844 δύναιτο
2078 2777 2262 2858 θέμεν
2306 2779 2493 2860 ἔργων
2538 2785 2715 2855 τέλος
2756 2790 2821 2850 et
2856 2781 2990 2870 pla-

611 2893 746 2953 cet:
811 2883 978 2952 ἔπτὰ
1023 2884 1082 2952 δ’
1132 2883 1352 2950 ἔπειτα
1399 2889 1599 2967 πυρῶν
1645 2890 1859 2966 νεκρῶν
1922 2883 2156 2957 τέλος
2219 2885 2529 2954 θέντων.
2622 2886 2992 2956 Combustis

607 2993 1019 3060 cadaveribus
1065 2998 1186 3073 πῦρ
1228 2990 1382 3068 ἐκάη
1434 2992 1540 3058 καὶ
1587 2989 1759 3073 φλὸξ
1804 2991 2134 3073 ἐμαράνθη.
2197 2990 2384 3067 Quod
2428 2992 2743 3061 Pindarus
2788 2995 2990 3074 dixit,

607 3099 908 3166 audacter
967 3105 1274 3166 novatum
1341 3103 1469 3176 est,
1517 3099 1626 3165 sed
1673 3097 1885 3165 multa
1930 3098 2101 3184 apud
2150 3120 2298 3165 eum
2345 3102 2497 3168 novi
2541 3101 2715 3169 haud
2760 3122 2989 3189 parum

607 3204 961 3272 audaciora.
1010 3204 1195 3272 Addo
1241 3203 1568 3271 difficilem
1614 3204 1833 3270 locum
1880 3204 2141 3291 Olymp.
2192 3204 2255 3271 ΙΙ
2302 3203 2427 3273 97:

876 3310 1031 3377 ἄλλ’
1083 3307 1244 3377 αἶνον
1294 3311 1503 3388 ἐπέβα
1548 3311 1713 3392 κόρος

873 3420 940 3483 οὐ
989 3418 1130 3503 δίκᾳ
1175 3415 1650 3496 συναντόμενος,
1703 3417 1883 3483 ἀλλὰ
1928 3417 2188 3496 μάργων
2236 3418 2342 3483 ὑπ’
2388 3417 2611 3500 ἀνδρῶν

874 3524 944 3590 τὸ
989 3531 1365 3601 λαλαγῆσαι
1415 3521 1600 3588 θέλων
1643 3521 1873 3604 κρύφον
1917 3544 1989 3587 τε
2034 3521 2214 3600 θέμεν
2262 3524 2451 3590 ἐσλῶν
2498 3533 2713 3598 καλοῖς

875 3629 1090 3711 ἔργοις.

601 3735 729 3803 Hic
775 3733 1096 3826 Bergkius
1138 3739 1349 3804 nescio
1396 3736 1552 3822 quid
1589 3735 1858 3804 molitur
1894 3740 1969 3801 ut
2004 3735 2389 3822 impeditum
2428 3735 2645 3804 locum
2668 3739 2984 3824 expediat,

606 3843 832 3910 deinde
894 3845 1367 3911 incommodam
1431 3845 1854 3929 suspicionem
1904 3848 1979 3908 ut
2024 3853 2283 3909 excuset
2303 3893 2320 3920 ,
2367 3843 2581 3910 addit:
2633 3844 2874 3923 „Poeta
2920 3848 2986 3912 in

601 3955 885 4016 extremo
949 3951 1228 4017 carmine
1288 3951 1356 4013 in
1405 3952 1735 4036 angustias
1782 3947 2148 4036 compulsus
2196 3957 2511 4016 contorta.
2526 3954 2809 4018 oratione
2857 3955 2985 4018 uti-

604 4060 711 4121 tur
728 4104 747 4140 ,
811 4054 1349 4141 quemadmodum
1412 4053 1568 4120 aliae
1633 4053 1714 4119 ad
1762 4056 2089 4140 stropham
2138 4058 2560 4122 novissimam
2606 4056 2985 4142 explendam

604 4161 945 4227 verborum
1013 4161 1394 4249 ambagibus
1449 4162 1549 4225 uti
1609 4159 1826 4225 solet.”
1922 4159 2017 4226 De
2066 4182 2341 4247 quonam
2390 4163 2509 4229 hoc
2556 4164 2800 4229 dictum
2847 4162 2984 4230 est?

601 4265 777 4332 Num
836 4266 914 4332 de
976 4267 1286 4352 poetasiro
1333 4266 1604 4353 quodam
1651 4265 2045 4353 Byzantino?
2091 4266 2233 4334 Imo
2276 4269 2354 4334 de
2400 4269 2693 4335 Pindaro.
2789 4269 2985 4356 Equi-

603 4371 748 4440 dem
796 4371 1045 4459 reliqua
1086 4393 1212 4440 non
1257 4375 1576 4462 attingam
1596 4419 1614 4452 ‚
1663 4372 1774 4438 sed
1820 4371 1969 4440 vide
2014 4393 2246 4460 quaeso
2292 4372 2455 4440 illud
2501 4373 2571 4439 τὸ
2607 4384 2982 4455 λαλαγῆσαι
