3414 5158
646 340 733 407 18
1629 350 2053 407 neomutus.

641 549 712 590 τε
773 529 1341 604 στρατιωτικῶν
1388 522 1784 603 πραγμάτων
1832 521 2063 595 οὐδενὸς
2110 528 2229 588 τῶν
2274 520 2723 600 ἐπαινουμόνων
2767 521 3025 587 άπολεὶ·

643 654 814 698 πετο.
886 630 1012 697 Pro
1078 635 1486 710 ςρατιωτιιιῶν
1548 630 1756 697 editor
1815 631 2084 695 coniecit
2147 632 2471 711 πολιτικῶν
2490 679 2509 702 ,
2574 634 2650 693 ut
2706 630 3025 714 suspicor,

639 737 808 822 quod
856 736 1139 812 διοίκησις
1182 736 1260 801 de
1300 757 1368 803 re
1405 734 1663 823 publica
1701 734 2203 801 administranda
2242 734 2619 821 plerumque
2664 733 2791 798 dici
2842 731 3024 799 solet.

637 842 1062 909 Vehementer
1111 851 1323 908 tamen
1373 864 1530 908 num
1579 848 1751 909 recte
1791 843 2128 907 coniecerit
2166 841 2407 907 dubito.
2458 840 2625 907 Nam
2666 843 2743 905 ut
2778 844 3025 905 taceam

637 950 1016 1015 mutationis
1064 947 1439 1015 violentiam
1463 996 1478 1023 ‚
1543 968 1820 1035 magnus
1868 947 2127 1033 quidem
2178 956 2313 1013 erat
2358 944 2710 1033 Septimius
2756 944 3027 1012 Severus

633 1054 789 1123 belli
854 1054 983 1119 dux
1047 1060 1114 1121 et
1172 1057 1267 1120 rei
1315 1054 1638 1121 *militaris
1695 1054 2155 1139 peritissimus,
2217 1071 2442 1119 verum
2504 1051 2668 1117 nihil
2715 1056 2812 1118 est
2857 1049 3027 1136 apud

634 1159 1076 1227 Herodianum
1136 1160 1303 1226 unde
1365 1165 1666 1247 appareat
1724 1158 1998 1226 eundem
2065 1164 2199 1225 tam
2248 1157 2506 1247 egregie
2552 1156 3027 1223 administrasse

636 1287 772 1331 rem
833 1264 1196 1351 publicam,
1259 1272 1334 1331 ut
1379 1264 1505 1331 dici
1551 1271 1745 1350 queat
1790 1285 1865 1331 ca
1910 1268 1978 1330 in
2023 1285 2091 1331 re
2136 1262 2367 1335 οὐδενὸς
2416 1270 2533 1329 τῶν
2581 1264 3025 1341 ἐπαινουμένων

635 1373 1104 1437 ἀπολείπεσθαι.
1190 1372 1412 1458 Neque
1480 1374 1653 1439 enim
1724 1371 1791 1438 id
1858 1372 2015 1437 satis
2082 1375 2225 1435 tuto
2288 1368 2521 1436 efficias
2584 1390 2662 1437 ex
2728 1372 2806 1435 iis
2866 1386 3027 1455 quae

635 1480 870 1563 scripta
931 1484 1182 1544 exstant
1234 1476 1338 1543 ΙΙΙ
1392 1476 1497 1562 10,
1547 1478 1587 1543 2
1635 1487 1701 1543 et
1755 1476 1862 1554 13,
1917 1481 1977 1542 1.
2043 1475 2373 1562 Imprimis
2418 1496 2567 1543 voro
2610 1476 3027 1563 inspiciantur

635 1591 884 1668 praeter
930 1603 1005 1649 ea
1052 1603 1212 1667 quac
1257 1583 1428 1649 hunc
1473 1586 1687 1669 ipsum
1736 1581 1951 1647 locum
1998 1583 2325 1667 excipiunt
2346 1630 2365 1666 ,
2403 1602 2565 1667 quae
2602 1584 2871 1668 scriptor
2900 1587 3025 1647 tra-

639 1690 738 1758 dit
787 1689 886 1755 111
933 1688 1038 1766 15,
1090 1690 1169 1756 2:
1217 1688 1588 1768 ἐνδοξότατα
1633 1689 1872 1767 βιώσας
1920 1684 2103 1755 όσον
2150 1690 2338 1767 πρὸς
2381 1688 2486 1756 τά
2528 1686 2970 1767 πολεμικά.

726 1795 821 1861 ΙΙΙ
865 1794 933 1874 9,
989 1792 1070 1859 10
1119 1800 1265 1861 κατ’
1313 1797 1520 1874 ὀλίγον
1569 1820 1641 1861 τε
1690 1798 1908 1873 προῖὼν
1958 1795 2148 1871 ἐπέςη
2196 1800 2621 1875 Κτησιφῶντι,
2669 1792 2818 1860 ἔνθ’
2866 1792 2950 1871 ἦν
2996 1794 3026 1859 ὃ

634 1900 902 1980 μέγας
952 1901 1364 1979 βασιλεὺς
1419 1901 1959 1980 Ἀρτάβανος.
2010 1900 2302 1967 Insiticia
2346 1901 2646 1967 videntur
2681 1901 2876 1967 verba
2912 1898 3028 1965 ἔνθ’

636 2042 724 2054 -
775 2005 1194 2085 Ἀρτάβανος.
1261 2006 1460 2074 Modo
1507 2009 1678 2074 enim
1727 2008 1764 2092 ᾗ
1810 2005 1853 2072 9
1900 2005 2303 2073 Herodianus
2345 2006 2521 2073 idem
2574 2007 2820 2073 dixerat
2880 2008 3031 2073 sori-

633 2113 789 2179 bcns
853 2116 915 2185 ἐς
969 2120 1403 2194 Κτησιφῶντος
1447 2150 1532 2163 -
1583 2110 1725 2178 ἔνθα
1774 2106 1842 2185 ἦν
1888 2112 1977 2176 τά
2020 2111 2327 2189 βασίλεια
2375 2116 2483 2177 τοῦ
2533 2114 2875 2194 ΠαρόυαΙου
2920 2111 3026 2177 καὶ

633 2217 819 2288 αὐτὸς
868 2218 1167 2297 διέτριβεν
1216 2220 1445 2297 εἰρήνην
1491 2216 1680 2296 άγοον.
1746 2216 1947 2305 Regis
2006 2238 2237 2285 nomen
2283 2221 2349 2285 ot
2397 2216 2781 2306 dignitatem
2826 2220 3027 2284 intor-

635 2323 882 2408 polator
930 2327 1090 2390 scire
1137 2327 1349 2410 potuit
1395 2341 1474 2391 ex
1524 2322 1662 2391 loco
1707 2322 1799 2390 IV
1854 2320 1959 2408 10,
2012 2327 2042 2389 1
2092 2344 2181 2410 sq.

725 2428 820 2494 III
873 2428 977 2508 13,
1028 2429 1070 2495 2
1131 2429 1168 2505 ἥ
1213 2454 1285 2496 τε
1334 2430 1466 2510 περὶ
1515 2430 1721 2495 ἐκεῖνα
1771 2428 1885 2515 (τὰ
1930 2427 2251 2515 θεάματα)
2300 2428 2535 2505 σπουδή
2581 2454 2654 2496 τε
2698 2430 2805 2496 καὶ
2850 2436 3025 2507 φιλο·

634 2535 826 2600 νεικία
892 2534 964 2622 (l.
1016 2538 1394 2624 φιλονικία),
1459 2534 1746 2618 διάφορον
1807 2533 2118 2618 ἔχουσα
2183 2535 2288 2602 καὶ
2350 2537 2695 2604 άντΙπαλον
2758 2536 2857 2603 de)
2914 2536 3025 2612 τὴν

632 2641 914 2719 γνώμην,
983 2649 1103 2707 τῶν
1162 2643 1452 2723 άδελφῶν
1514 2643 1825 2723 ἐτάραττε
1893 2641 2103 2730 (sylb.
2166 2642 2553 2728 ἐσπάραττε)
2611 2645 2730 2715 τὰς
2775 2641 3023 2726 ψυχάς.

632 2748 758 2814 Vix
823 2756 990 2815 recte
1049 2749 1281 2826 σπουδή
1345 2772 1415 2814 τε
1485 2749 1590 2815 καὶ
1657 2749 1970 2830 φιλονικία
2031 2748 2269 2815 dicitur
2313 2749 2597 2831 διάφορον
2646 2747 2678 2814 ἔ
2684 2773 2865 2831 χειν
2911 2752 3024 2825 τὴν

630 2856 899 2932 γνώμην.
993 2853 1172 2919 Num
1220 2855 1383 2920 forte
1427 2853 1877 2942 corrigendum
1926 2855 1955 2917 ἐ
1970 2854 2072 2934 χό
2087 2877 2233 2918 ντω
2252 2880 2282 2920 ν
2302 2902 2320 2933 ,
2367 2855 2533 2940 quod
2585 2856 2897 2923 referatur
2942 2855 3022 2922 ad

630 2981 899 3046 sequens
943 2967 1060 3024 τῶν
1109 2957 1524 3040 άδελφῶνῗ

721 3066 878 3132 Mox
911 3065 1215 3154 legerim:
1260 3067 1461 3149 ᾐδεῖτο
1488 3066 1550 3131 δὲ
1575 3066 1680 3131 καὶ
1710 3065 2007 3148 ἐφοβεῖτο
2031 3067 2135 3132 τὸν
2161 3067 2399 3148 <μὲν>
2426 3068 2671 3146 πατέρα
2697 3066 2937 3149 πρᾶξαί
2956 3094 3017 3136 τι

638 3173 966 3248 άνηκεςον,
1015 3180 1094 3253 τῇ
1143 3172 1203 3237 δὲ
1251 3174 1389 3257 (pro
1434 3196 1506 3237 τε
1558 3193 1706 3238 cum
1759 3171 2125 3260 Mendelss.)
2175 3173 2431 3253 θυγατρὶ
2479 3175 2596 3253 μὲν
2645 3176 2871 3242 ἐκείνου
2904 3197 3021 3254 γυ-

636 3280 792 3342 ναικὶ
848 3279 911 3343 δὲ
956 3279 1147 3343 αὑτοῦ
1197 3278 1385 3344 παντὶ
1434 3278 1632 3360 τρόπῳ
1681 3277 1939 3344 θάνατον
1985 3280 2375 3360 ἐμηχανᾶτο.

727 3384 832 3449 ΙΙΙ
899 3384 1002 3462 15,
1065 3383 1108 3447 2
1173 3385 1578 3450 άνεπαύσατο
1639 3390 1778 3450 τοῦ
1841 3384 1931 3463 βό
1946 3406 2067 3462 ου,
2133 3385 2501 3463 ἐνδοξότατα
2559 3386 2833 3465 βιώσας.
2882 3384 3016 3453 ὅσον

635 3489 780 3566 πρὸς
830 3491 914 3556 τά
964 3490 1300 3567 πολεμικά.
1349 3489 1555 3557 Verbo
1603 3489 2039 3555 ἀναπαύεσθαι
2088 3490 2174 3556 Η.
2228 3491 2514 3559 absolute
2551 3495 2653 3559 uti
2692 3503 2867 3560 amat
2905 3514 3017 3581 pro

633 3598 1054 3678 άποθνῄσκειν.
1103 3595 1208 3662 Sic
1252 3618 1318 3663 v.
1369 3619 1419 3661 c.
1472 3597 1502 3662 I
1550 3595 1613 3674 4,
1665 3595 1706 3662 7
1755 3597 1833 3662 de
1878 3596 2101 3664 Marco
2148 3596 2444 3665 Aurelio:
2500 3600 2528 3664 δ
2580 3600 2692 3678 μὲν
2741 3595 2838 3665 οὖν
2886 3623 3019 3664 νυκ-

632 3701 736 3775 τός
807 3725 877 3766 τε
947 3703 1051 3766 καὶ
1127 3702 1358 3783 ἡμέρας
1433 3702 1772 3781 ἐπιβιώσας
1835 3703 2277 3780 άνεπαύσατο,
2342 3710 2407 3770 ct
2464 3705 2583 3772 hoc
2642 3708 2781 3792 ipso
2825 3726 3015 3792 quom

630 3831 800 3876 nunc
866 3815 1212 3874 trac-tamus
1273 3808 1411 3875 loco
1455 3810 1491 3894 ξ
1540 3808 1601 3875 3.
1651 3809 1859 3890 Quare
1904 3815 2271 3896 suspectum
2318 3811 2520 3880 habeo
2566 3812 2859 3878 additum
2906 3817 3014 3878 τοῦ

631 3915 769 3993 βίου
817 3918 1188 4000 praesertim
1239 3916 1306 3978 in
1346 3914 1584 3982 vicinia
1621 3916 1944 4001 participii
1984 3915 2245 3992 βιώσας.
2287 3915 2611 3984 Eademne
2634 3920 3017 3985 correctione

630 4040 788 4105 opus
835 4020 920 4086 sit
965 4041 1042 4086 an
1091 4040 1212 4086 non
1259 4022 1346 4085 sit
1393 4017 1490 4085 VI
1543 4021 1602 4096 1,
1653 4019 1695 4084 4
1742 4026 1807 4086 et
1853 4018 1975 4086 VH
2020 4019 2084 4105 9,
2133 4019 2176 4085 8
2224 4021 2503 4110 ambigo.

722 4125 808 4190 IV
856 4127 998 4190 init.
1050 4127 1242 4191 verba
1291 4124 1748 4203 βασιλεύσαντι
1799 4125 2219 4192 ὀκτωκαίδεκα
2272 4125 2470 4194 ἔτεσιν
2508 4131 2709 4196 otiose
2745 4131 3016 4216 repetita

631 4253 708 4298 ex
756 4230 857 4296 111
911 4231 1016 4316 15,
1066 4230 1107 4295 3
1155 4232 1371 4297 abesse
1417 4229 1666 4297 malim.

718 4336 811 4402 IV
876 4337 938 4414 4,
1005 4337 1044 4402 6
1109 4334 1136 4402 ὃ
1204 4337 1268 4402 δὲ
1320 4335 1696 4423 (Caracalla)
1744 4341 2043 4416 προελθὼν
2085 4343 2155 4407 τὸ
2205 4341 2349 4419 μὲν
2397 4341 2675 4422 πραχθὲν
2725 4340 3012 4413 εὐθέως

627 4445 777 4526 οὐχ
832 4443 1267 4529 ὡμολόγησεν,
1317 4443 1471 4524 ἐβόα
1525 4444 1587 4509 δὲ
1627 4445 2018 4526 πεφευγέναι
2067 4447 2347 4516 κίνδυνον.
2397 4447 2826 4536 Expectabam
2873 4450 3011 4516 οὐκ
