3414 5158
618 341 750 410 406
1612 362 2012 414 unonovrus.

616 523 1101 609 άμφοτέρων
1165 533 1314 592 τῶν
1380 527 1912 608 στρατοπέδω
1933 553 1964 594 ν
2007 529 2231 605 πλήθεΐ
2283 535 2530 597 πολλῶν
2577 528 2916 613 ἐτράποντο
2963 531 3030 597 01

617 632 976 710 Αἰγύπτιοι.
1070 631 1448 700 Constanter
1503 634 1659 700 alibi
1721 634 2164 703 huiuscemodi
2227 635 2386 703 loeis
2452 637 2815 705 Herodotus
2875 639 3032 704 bre-

620 742 765 806 vius
827 741 1099 806 seribere
1166 739 1399 806 assolet
1462 741 1830 824 ἀμφοτέρων
1883 764 1998 828 pro
2061 741 2130 820 ἐξ
2175 744 2548 826 ἀμφοτέρων
2593 748 2712 812 τῶν
2759 769 3027 827 στρατο-

620 846 837 914 πέδων.

714 1060 833 1129 ΙΙΙ.
907 1060 991 1127 12
1056 1063 1123 1126 αἱ
1187 1061 1249 1127 δὲ
1312 1063 1431 1129 τῶν
1493 1063 1858 1141 Αἰγυπτίων
1917 1060 2070 1130 οὕτω
2135 1063 2205 1142 δή
2253 1090 2311 1131 τι
2361 1066 2651 1147 ἰσχυραί,
2702 1065 2888 1144 μόγις
2939 1065 3026 1130 ἂν

627 1168 769 1251 λίθῳ
833 1169 1074 1241 παίσας
1141 1167 1541 1249 διαρρήξειας.
1636 1170 2018 1239 Incredibile
2090 1172 2268 1239 dictu
2341 1179 2438 1240 est
2485 1173 2805 1240 Steinium
2849 1174 3024 1240 hanc

622 1273 959 1341 lectionem
1002 1278 1170 1340 tueri
1206 1274 1347 1342 loeo
1391 1277 1500 1342 ΙΙΙ
1544 1275 1674 1342 108
1694 1326 1712 1363 ,
1762 1279 1858 1344 ita
1903 1281 2140 1364 scripto
2189 1283 2264 1345 ut
2307 1299 2526 1348 omnes
2570 1281 3021 1366 loquebantur.

628 1380 885 1468 Optime
932 1380 1211 1449 Dindorf
1247 1383 1451 1449 edidit
1474 1375 1681 1458 <ἃὶς>
1725 1382 1915 1463 μόγις
1966 1383 2044 1452 ἂν
2091 1386 2234 1465 κτὲ,
2283 1392 2359 1453 111
2406 1391 2580 1454 amat
2624 1391 2836 1453 noster
2858 1388 3022 1453 sori-

630 1488 776 1554 bere
818 1507 933 1574 pro
980 1485 1119 1558 ὥτε.

719 1701 839 1768 ΙΠ.
890 1702 975 1770 12
1035 1703 1499 1787 σκιητροφέουσι
1548 1704 1830 1793 (Persae)
1881 1705 1951 1784 ἐξ
1997 1705 2199 1786 ἄρκῆς
2244 1705 2515 1794 [πίλους]
2569 1705 2783 1788 τιήρας
2829 1705 3016 1788 φορέ-

629 1836 817 1884 οντες.
908 1811 1055 1878 Νο11
1124 1817 1222 1878 661
1290 1810 1642 1897 Herodoti,
1706 1819 1783 1877 ut
1845 1811 2093 1878 Steinio
2151 1812 2442 1892 videtur,
2507 1813 2618 1880 sed
2664 1811 3021 1901 mag-istem

626 1921 1286 2004 interpretamentum.
1382 1917 1556 1985 Nam
1618 1919 2019 2006 Herodotus,
2083 1924 2159 1985 111
2205 1921 2510 1999 arbitror,
2559 1919 2697 1987 loeo
2743 1920 2795 1985 I.
2851 1919 2980 1986 132
2997 1967 3021 2005 ‚

627 2024 740 2091 ubi
798 2028 1086 2111 primum
1149 2027 1535 2092 memoravit
1593 2028 1826 2092 tiaram
1845 2073 1862 2104 ,
1923 2046 2066 2092 eam
2121 2027 2710 2113 interpretationem
2762 2029 2820 2092 si
2862 2045 3024 2112 opus

628 2153 763 2198 esse
809 2132 1130 2217 duxisset,
1176 2151 1301 2196 11011
1344 2132 1556 2198 fuerat
1604 2134 1973 2198 omissurus.
2049 2131 2212 2208 Quis
2260 2153 2409 2203 vero
2455 2131 2822 2218 aequalium
2867 2131 3024 2218 quid

626 2237 823 2302 tiaras
881 2241 1045 2302 esset
1103 2233 1483 2324 ignorabat?
1555 2235 1680 2304 Sed
1745 2240 1857 2323 qui
1915 2259 2269 2325 numquam
2329 2241 2560 2306 tiaram
2627 2237 2827 2306 oeulis
2889 2240 3024 2304 suis

629 2348 1040 2428 conspexerat
1098 2345 1392 2432 ignorare
1452 2349 1701 2430 poterat
1767 2346 1905 2410 eius
1950 2345 2110 2412 form
2120 2366 2222 2412 am
2245 2395 2264 2432 ,
2325 2348 2545 2434 itaque
2591 2347 2852 2414 fortasse
2897 2365 3026 2412 non

630 2448 1055 2516 dubitandum
1116 2453 1271 2538 quin
1333 2449 1477 2517 VII.
1539 2448 1667 2536 61,
1727 2452 1843 2517 ubi
1897 2450 2392 2540 diligentissime
2439 2452 2818 2519 describitur
2865 2453 3022 2518 Per-

630 2576 843 2623 sarum
924 2562 1276 2637 armatura,
1350 2559 1487 2645 ipse
1555 2560 1825 2645 scriptor
1891 2557 2138 2625 dederit
2205 2559 2370 2647 quod
2441 2558 2631 2627 hodie
2698 2559 3023 2649 legimus:

632 2662 865 2745 Πέρσαι
914 2664 1029 2743 μὲν
1077 2661 1187 2730 ὦδε
1236 2664 1709 2743 ἐσκευασμένοι·
1758 2664 1892 2746 περὶ
1940 2664 2056 2743 μὲν
2092 2676 2234 2749 τῇσι
2261 2672 2576 2751 κεφαλῇσι
2605 2662 2778 2747 εἶχον
2802 2665 3018 2748 τιάρας

632 2772 1049 2852 καλευμένους
1113 2769 1405 2845 πίλους
1456 2770 1852 2849 ἀπαγέας
1903 2771 2034 2839 κτὲ.
2075 2771 2228 2839 11061
2273 2773 2429 2860 quid
2476 2774 2599 2839 sibi
2647 2771 2805 2841 velit
2853 2773 3023 2838 άπα-

632 2877 789 2959 γέας
836 2881 1153 2967 ignorem.
1226 2877 1351 2945 Sed
1396 2876 1536 2945 VII.
1584 2876 1673 2943 64
1721 2878 1867 2958 πρὸς
1915 2878 1982 2944 δέ
2025 2878 2130 2946 καὶ
2183 2878 2465 2967 [ἀξίνας]
2519 2878 2787 2960 σάγαρις
2832 2874 3022 2964 εἶχον,

632 2988 803 3052 reete
846 2982 1065 3061 άξίνας
1116 2982 1324 3053 delere
1370 2987 1525 3071 puto
1572 2982 1929 3052 Naberum.
1979 2982 2075 3052 cf.
2124 2985 2176 3052 Ι.
2226 2984 2375 3053 215.
2425 2984 2538 3053 IV.
2591 2986 2654 3053 5.
2704 2984 2816 3053 70.

722 3198 841 3265 ΠΙ.
917 3196 1001 3263 13
1070 3190 1163 3270 ὣς
1234 3196 1297 3263 δὲ
1366 3204 1678 3278 Κυρηναῖοι
1752 3198 1858 3265 καὶ
1905 3205 2190 3281 Βαρκαῖοι
2252 3238 2316 3247 -
2367 3196 2606 3281 ἔτερα
2671 3201 3024 3265 τοιαῦτα

637 3304 949 3380 ἐποίησαν.
1042 3302 1409 3371 Dissimiles
1474 3308 1623 3371 sunt
1682 3304 1804 3371 1001
1869 3304 2086 3372 collati
2151 3327 2188 3372 a
2231 3304 2474 3373 Steinio
2519 3305 2570 3371 1.
2623 3304 2754 3372 182
2800 3310 2866 3372 et
2909 3302 3027 3371 ΠΙ.

637 3410 767 3477 180
829 3409 1116 3490 κατάπερ
1166 3394 1248 3459 —ss
1301 3412 1470 3477 κατὰ
1530 3410 1635 3477 τὸν
1700 3412 1887 3477 αὐτὸν
1947 3410 2183 3493 τρόπον,
2279 3411 2338 3479 Ι.
2399 3410 2530 3477 180
2587 3407 2726 3477 ὅσαι
2773 3436 2889 3492 περ
2940 3447 3024 3460 -

630 3522 972 3604 τοσαῦται,
1048 3516 1174 3585 191
1249 3516 1450 3599 τάπερ
1500 3536 1583 3567 -·-
1634 3514 1817 3600 ἕτερα
1881 3523 2167 3597 τοιαῦτα,
2261 3518 2349 3585 ΙΙ.
2405 3517 2534 3586 146
2599 3516 2889 3601 κατάπερ
2937 3556 3022 3567 -

632 3626 737 3691 κα)
787 3626 857 3699 δὴ
910 3624 1036 3702 καὶ,
1128 3622 1247 3690 ΙΙΙ.
1302 3622 1383 3690 31
1437 3625 1496 3697 ἐς
1549 3622 1577 3688 ὃ
1625 3662 1712 3709 ·‚··
1760 3624 1952 3707 μέχρι
1999 3624 2237 3703 τούτου.
2307 3625 2711 3713 Respondent
2749 3627 2922 3693 onim
2960 3626 3032 3691 in

628 3734 731 3799 his
797 3736 949 3799 noto
1013 3752 1135 3799 usu
1197 3730 1485 3799 relativis
1548 3732 2049 3799 demonstrativa
2070 3780 2086 3810 ,
2153 3732 2259 3798 hie
2319 3752 2468 3799 vero
2524 3733 3026 3799 demonstrativo

631 3839 1200 3905 demonstativum.
1292 3836 1738 3906 Necessarium
1789 3838 2080 3909 videtur:
2129 3840 2194 3905 οἱ
2243 3836 2305 3905 δὲ
2353 3848 2674 3921 Κυρηναῖοι
2723 3840 2855 3906 κτὲ.

726 4050 848 4117 ΙΠ.
923 4049 1006 4117 15
1074 4050 1212 4118 ἔνθα
1278 4056 1387 4119 τοῦ
1450 4055 1664 4117 λοιποῦ
1715 4052 1994 4118 διαιτᾶτο
2047 4060 2292 4119 ΕΧΩΝ
2340 4052 2505 4120 οὐδὲν
2551 4054 2778 4132 βίαιον.
2871 4052 3022 4119 Non

633 4157 993 4237 haererem,
1040 4160 1095 4225 si
1140 4157 1457 4246 legeretur
1512 4154 1674 4241 ἔχων
1722 4160 1889 4225 οὐδὲν
1936 4158 2124 4225 κακόν
2175 4164 2286 4225 aut
2333 4158 2576 4245 aliquid
2621 4158 2871 4234 simile,
2919 4158 3032 4225 sed

638 4260 801 4343 ἔχων
864 4264 1028 4330 οὐδὲν
1090 4264 1297 4343 βίαιον
1358 4285 1484 4331 11011
1547 4267 1760 4354 magis
1809 4264 2126 4332 Graecum
2176 4265 2434 4333 videtur
2481 4285 2675 4351 quam
2722 4264 3031 4331 Latinum

638 4373 734 4434 est
781 4371 942 4434 nihil
982 4373 1195 4437 habere
1238 4372 1502 4439 violenti.
1599 4367 2062 4461 corrigendum
2113 4374 2398 4459 suspicor
2445 4370 2939 4446 <mk>can.
