3414 5158
1436 323 1834 376 mononis.
2695 303 2825 372 431

426 457 921 578 ,εκετοψευςαί
984 488 1151 556 Nam
1214 486 1331 566 H„
1398 489 1513 573 qui
1558 486 1851 553 unocuns
1899 486 2006 572 (of.
2053 483 2644 572 111.11e,1v.27)
2697 505 2830 552 om-

434 616 583 662 nem
649 594 839 662 fidem
888 595 1160 682 denegat
1181 643 1197 672 ,
1249 615 1375 660 non
1421 596 1633 680 potuit
1681 593 2034 679 quidquam
2081 593 2362 658 tribuere
2408 591 2644 658 fabulis
2689 593 2824 676 περὶ

434 708 551 767 τῶν
598 699 1094 786 ςερνοφθάλμων.
1189 700 1430 766 Durius
1486 703 1703 766 autem
1749 699 2007 766 videtur
2051 697 2486 778 άκατάψευςα
2530 700 2625 764 ita
2671 697 2831 765 acci·

433 829 618 895 pere,
685 814 759 874 ut
820 809 1049 894 apponi
1103 807 1223 872 boo
1271 791 1663 874 adieetivum
1707 810 2012 892 putemus
2060 807 2274 872 verbis
2319 807 2370 870 οἱ
2421 803 2827 889 κυνοκέφαλοι

328 997 339 1006 ι
433 915 539 982 καὶ
602 916 653 980 οἱ
710 914 1025 996 άκέφαλοι
1078 950 1163 962 -
1214 911 1491 991 Λιβύων,
1556 914 1707 997 quia
1767 931 1846 978 ex
1911 912 2126 978 verbis
2170 913 2247 985 ὥς
2290 910 2360 988 δὴ
2410 911 2710 989 λέγονται.
2750 935 2829 991 γε

435 1021 550 1088 ὑπὸ
592 1019 841 1098 Λιβύων
887 1019 1109 1086 leetori
1153 1038 1279 1086 non
1326 1016 1513 1106 satis}
1531 1016 1736 1104 liquet
1779 1020 1994 1104 ipsum
2035 1019 2410 1104 scriptorem
2455 1017 2600 1084 istis
2643 1038 2828 1085 mon-

432 1128 583 1194 stris
625 1146 880 1213 prorsus
924 1123 1174 1192 nullam
1222 1122 1413 1191 fidem
1460 1123 1712 1190 habere.

524 1337 637 1404 IV.
712 1336 865 1404 194.
934 1339 987 1404 ol
1052 1335 1117 1402 δέ
1181 1341 1295 1420 σφι
1363 1334 1710 1418 ἄφθονοι
1777 1331 1900 1401 δ’σοι
1965 1335 2026 1400 ἕν
2087 1343 2244 1402 τοῖσι
2293 1333 2486 1416 οὔρεσι
2533 1335 2830 1415 γίνονται.

436 1444 771 1511 Adiectiva
816 1440 950 1515 ὅσος
1000 1449 1066 1510 et
1110 1439 1226 1515 οἶος
1276 1449 1342 1510 et
1388 1443 1762 1510 adverbium
1812 1443 1889 1514 ὥς
1938 1446 2089 1508 noto
2135 1461 2258 1508 usu
2304 1443 2602 1527 subsequi
2627 1443 2832 1510 solent

434 1552 518 1615 iis
576 1547 906 1617 vocabulis
968 1569 1129 1636 quae
1195 1549 1541 1634 stupendae
1600 1547 2072 1636 magnitudinis
2139 1552 2252 1614 aut
2299 1550 2674 1632 quantitatis
2719 1553 2833 1614 aut

435 1653 765 1742 qualitatis
811 1656 1133 1720 notionem
1184 1654 1543 1730 continent,
1593 1653 1811 1739 qualia
1857 1659 2018 1719 sunt
2062 1651 2435 1732 θαυμάσιος,
2489 1653 2830 1738 θαυμαςός,

436 1762 803 1842 ἀμήχανος,
856 1763 1207 1843 ὑπερφυής,
1260 1760 1547 1843 ἅφατος,
1596 1757 1939 1842 άφόρητος,
1993 1759 2138 1826 alia.
2235 1759 2456 1841 Qualis
2477 1762 2653 1826 notio
2677 1779 2828 1826 eum

435 1866 641 1934 aliena
687 1868 771 1932 sit
818 1867 897 1932 ab
950 1867 1242 1948 ἄφθονος,
1294 1867 1519 1932 dubito
1564 1886 1723 1931 num
1768 1865 1920 1932 libri
1963 1865 2274 1933 Herodoti
2300 1887 2566 1932 manum
2589 1915 2607 1950 ,
2633 1886 2826 1951 quam

436 1969 481 2037 ἄ
500 1978 556 2060 φ
574 1996 673 2038 ατ
690 1996 758 2038 οι
808 1969 929 2038 ὅσοι
976 1972 1171 2039 fuisse
1218 1972 1529 2059 suspicor,
1576 1972 1699 2038 hoe
1745 1971 1884 2038 loeo
1925 1974 2262 2040 servarint.

525 2185 633 2253 IV.
710 2184 838 2254 195
907 2187 1049 2252 init.
1127 2195 1301 2262 νῆσον
1366 2223 1449 2235 -
1515 2185 1754 2258 πλάτος
1823 2183 1887 2250 δὲ
1944 2185 2164 2268 ςεινην,
2226 2183 2530 2262 διαβατὸν
2585 2183 2654 2249 ἐκ
2714 2190 2826 2260 τῆς

439 2291 707 2373 ἠπείρου.
800 2291 980 2359 Stein
1046 2289 1394 2370 „Baoessaerdv
1459 2291 1580 2358 frei
1649 2297 1809 2358 statt
1879 2291 1941 2363 ἐς
2009 2292 2120 2366 την
2192 2287 2553 2368 διαβατόν”.
2647 2289 2827 2369 Quod

441 2395 761 2464 Graecum
812 2418 944 2464 esse
993 2396 1318 2483 aliquanto
1365 2397 1617 2463 facilius
1656 2396 1835 2462 dietu
1883 2400 1978 2462 est
2021 2416 2216 2480 quam
2238 2396 2529 2481 probatu.
2578 2394 2828 2474 Quanto

439 2501 836 2589 probabilius
899 2501 1235 2567 librarium
1296 2507 1441 2589 post
1498 2501 1748 2567 litteras
1810 2508 2295 2566 eCCTeINHN
2344 2499 2702 2588 neglexisse
2747 2502 2830 2566 si-

436 2607 627 2675 miles
700 2608 930 2675 duetus
1004 2615 1308 2673 ecTHN.
1402 2606 1790 2694 Suppleatur
1856 2608 2064 2694 igitur
2126 2606 2251 2693 <ἒς
2305 2606 2478 2689 vina>
2522 2606 2825 2685 διαβατὸν

441 2714 569 2779 κτὲ.

525 2927 634 2995 IV.
690 2925 1296 3006 198.-μελάγγαιός
1356 2951 1426 2993 τε
1475 2926 1603 3009 γάρ
1654 2928 1744 2996 eea
1794 2926 1898 2993 καὶ
1956 2925 2219 3009 Επυδρος
2269 2923 2508 3002 πίδαξι.
2598 2922 2825 2991 Nomi-

435 3054 596 3099 num
643 3055 791 3101 eum
837 3034 945 3099 ἐπί
990 3039 1057 3099 et
1103 3032 1221 3099 ὑπό
1266 3036 1760 3119 compositorum
1813 3032 2109 3120 analogia
2155 3033 2380 3099 suadet
2416 3037 2492 3097 ut
2529 3036 2828 3117 putemus

437 3138 691 3221 ἔφυδρον
746 3140 963 3222 χωρίον
1030 3160 1163 3207 esse
1234 3141 1422 3204 locum
1472 3140 1643 3226 aquia
1686 3145 2042 3205 submersum
2060 3186 2078 3217 ,
2122 3138 2475 3225 palustrem
2496 3186 2515 3222 ‚
2569 3132 2828 3219 ὕφυδρον

439 3250 656 3312 eontra
720 3245 1017 3327 iniquum
1090 3249 1154 3311 et
1213 3246 1509 3331 fertilem.
1602 3245 1913 3322 Quocirca
1981 3245 2087 3312 hie
2154 3244 2602 3333 corrigendum
2668 3247 2828 3329 puto

440 3350 711 3432 Τπυδρος
760 3348 997 3427 πίδαξι.
1883 3362 1890 3367 ’

531 3560 639 3628 IV.
714 3561 867 3627 201.
932 3561 1037 3627 καὶ
1102 3561 1437 3644 Βαρκαίους
1483 3586 1555 3627 τε
1603 3560 1951 3628 ὑποτελέειν
1999 3563 2264 3645 φάναι
2313 3561 2492 3640 άξίην
2540 3560 2828 3641 βασιλέϊ.

440 3667 663 3734 Placet
720 3666 951 3735 Steinii
1012 3669 1370 3734 coniectura
1414 3667 1623 3750 φόνου,
1666 3669 1792 3733 nisi
1839 3667 2005 3755 quod
2051 3668 2270 3734 addito
2317 3667 2590 3743 articulo
2635 3670 2836 3754 serip-

442 3776 636 3841 serim
705 3796 789 3839 το
809 3779 843 3839 s
913 3772 1017 3855 φό
1035 3798 1107 3840 νο
1127 3797 1177 3839 υ.
1234 3813 1317 3824 -
1362 3774 1515 3841 Mox
1561 3774 1806 3862 legitur
1852 3772 2228 3857 κατέρρηξαν
2281 3774 2344 3839 δὲ
2391 3774 2565 3840 τοῦδε
2609 3770 2830 3839 εἵνεκεν

442 3881 553 3955 τὴν
619 3880 909 3956 ἐποίησαν
962 3880 1278 3963 γέφυραν,
1328 3876 1427 3946 ἵνα
1475 3878 1960 3962 ἐμπεδορκέοιεν,
2010 3880 2422 3960 ταμόντες
2469 3888 2624 3946 τοῖσι
2669 3890 2829 3962 Βαρ-

446 3986 666 4052 καίοισι
728 3985 939 4070 χρόνον
1000 3987 1277 4065 μένειν
1348 3986 1525 4073 [αἰεὶ]
1578 3987 1647 4052 τὸ
1696 3981 1883 4068 ὅρκιον
1930 3983 2064 4053 ὅσον
2116 3986 2192 4053 ἂν
2241 3988 2276 4064 ἦ
2324 3994 2410 4066 γῆ
2458 3986 2608 4069 μένῃ
2656 3986 2829 4051 κατὰ

444 4090 585 4158 τότε
626 4088 785 4174 εἶχε.
847 4091 1090 4159 Vooula
1130 4092 1275 4169 αἰεί,
1324 4113 1486 4177 quae
1528 4090 1699 4158 male
1747 4092 2042 4173 abundat,
2095 4098 2264 4159 reete
2311 4094 2490 4159 abest
2531 4095 2601 4157 in
2645 4112 2827 4178 prae-

446 4202 681 4286 gressis
704 4244 721 4277 ,
792 4200 909 4263 ubi
984 4198 1203 4265 eadem
1274 4200 1367 4265 sio
1436 4198 1770 4265 dicuntur&
1840 4200 1950 4274 την
2018 4199 2080 4265 δὲ
2151 4199 2480 4279 ὁμολογίην
2551 4199 2830 4265 ἐπιεῦντο

448 4304 679 4381 τοιήνδε
739 4300 902 4388 τινά,
948 4304 1048 4370 ἐπὶ
1095 4312 1207 4380 τῆς
1257 4312 1528 4385 κρυπτῆς
1574 4304 1817 4386 τάφρου
1862 4304 2202 4384 τάμνοντες
2248 4301 2456 4388 ὅρκια,
2531 4303 2620 4374 ἔτ’
2667 4303 2744 4369 ἂν
2792 4307 2826 4380 ἦ

448 4418 539 4493 γῆ
609 4408 762 4478 οὕτω
835 4407 995 4495 ἔχῃ,
1064 4408 1265 4489 μένειν
1333 4409 1402 4475 τὸ
1471 4407 1657 4493 ὅρκιον
1727 4411 1899 4478 κατὰ
1944 4412 2166 4493 χώρην,
2214 4410 2319 4478 καὶ
2371 4410 2705 4495 Βαρκαίους
2756 4432 2827 4477 τε
