3414 5158
1443 376 1631 431 mus.
2194 408 2227 439 .-
2620 362 2751 435 115

359 546 474 615 ubi
536 546 839 615 similiter
899 548 976 614 de
1035 549 1164 614 alta
1209 568 1366 634 rupe
1413 568 1620 614 sermo
1667 550 1783 613 est
1880 548 2061 613 Alibi
2107 550 2328 624 σκοπιή
2376 548 2557 613 audit
2605 573 2753 613 παι·

363 654 732 731 παλόεσσα,
783 656 996 718 ardua.
1049 690 1136 703 —-
1184 654 1325 729 Quo
1373 653 1560 719 altior
1607 656 1693 719 sit
1740 656 2081 739 spectantis
2124 654 2336 732 sedes,
2380 675 2455 721 eo
2494 654 2753 743 longius

363 780 511 826 eum
565 762 919 862 prospicere
966 760 1380 825 manifestum
1433 765 1550 824 est.

456 982 509 1037 Θ
563 972 695 1038 349

365 1102 370 1105 ·
671 1079 914 1159 Ἕκτωρ
961 1080 1014 1145 δ’
1063 1079 1594 1161 ἄμφιπεριςρῶφα
1644 1079 2069 1159 καλλίτριχας
2118 1076 2366 1160 ἵππους,

677 1184 932 1265 Γοργόος
981 1186 1244 1262 οἴματ’
1295 1182 1456 1265 ἔχων
1509 1188 1570 1259 ἠὲ
1621 1186 2019 1262 βροτολοιγοῦ
2063 1187 2307 1265 νΛρηος.

449 1280 536 1357 Et
573 1290 724 1356 olim
776 1292 902 1356 fuit
947 1297 1011 1357 et
1056 1292 1242 1358 hodie
1289 1299 1386 1358 est
1431 1295 1596 1356 inter
1633 1295 1807 1359 viros
1847 1293 2060 1357 doctos
2102 1286 2423 1367 dissensi0‚
2466 1298 2752 1359 verior-ne

362 1399 448 1462 sit
515 1397 670 1462 haec
737 1396 1088 1463 Aristarchi
1136 1394 1344 1463 'lectio
1415 1418 1495 1462 an
1561 1396 1950 1481 Zenodotea,
2020 1400 2127 1462 cui
2190 1404 2351 1463 teste
2396 1398 2751 1465 Scholiasta

363 1500 611 1569 Veneto
657 1503 994 1589 pleraeque
1039 1504 1346 1569 editiones
1393 1511 1514 1569 τῶν
1561 1502 1846 1580 δημωδῶν
1892 1504 2401 1591 suffragabantur

684 1609 1028 1696 Γοργό(ν)ος
1074 1606 1372 1686 ὄμματ’
1424 1611 1584 1689 ἔχων
1636 1611 1769 1675 κτὲ.

456 1714 620 1795 Quia
657 1714 1064 1799 Nauckium‚
1105 1717 1288 1780 cuius
1329 1716 1674 1781 recensioni
1716 1714 2073 1799 plurimum
2099 1716 2315 1781 tribuo
2338 1764 2356 1799 ‚
2382 1717 2753 1800 praetulisse

363 1820 550 1887 video
598 1822 949 1886 Aristarchi
972 1820 1204 1906 (cuius
1253 1828 1466 1887 tamen
1505 1823 1654 1887 crisi
1693 1842 1819 1887 non
1861 1822 2203 1887 admodum
2252 1822 2462 1887 favere
2500 1821 2753 1909 assolet)

361 1926 700 1993 lectionem
765 1947 870 1992 me
923 1926 1135 1991 iudice
1179 1926 1588 1993 falsissimam
1610 1974 1626 2007 ‚
1673 1929 1842 2013 quod
1887 1949 2109 2015 operae
2158 1928 2439 2014 pretium
2486 1930 2575 1993 sit
2620 1929 2753 1993 fac-

361 2038 545 2098 turus
605 2053 741 2098 esse
803 2032 1053 2108 videor,
1116 2034 1174 2097 si
1233 2053 1350 2098 our
1411 2034 1558 2099 ferri
1621 2054 1747 2099 non
1798 2042 1987 2120 queat
2046 2034 2281 2103 validis
2351 2036 2754 2122 argumentis

365 2138 892 2205 demonstravero.
1503 2134 1506 2137 ’

451 2244 748 2311 Primum
817 2252 1036 2311 autem
1105 2246 1436 2331 perhibe0,
1525 2248 1694 2331 quod
1782 2251 2238 2334 argumentum
2292 2248 2447 2327 ‚iam
2538 2244 2752 2312 solum

363 2353 797 2434 quaestionem
861 2350 1160 2417 dirimere
1221 2353 1389 2416 mihi
1449 2353 1737 2430 videtur,
1795 2352 2133 2419 lectionem
2184 2352 2424 2429 αἵματα
2470 2374 2757 2441 pugnare

366 2477 514 2522 cum
576 2458 892 2521 constanti
953 2476 1075 2521 usu
1135 2455 1482 2522 Homerico
1501 2504 1518 2535 ,
1583 2459 1901 2542 siqnidem
1948 2464 2137 2543 poeta
2181 2459 2301 2524 hoc
2348 2460 2751 2525 substantivo

369 2570 434 2629 et
495 2567 766 2651 cognato
826 2562 1054 2647 verim,
1115 2561 1282 2648 quod
1343 2566 1441 2628 est
1485 2561 1666 2638 οἴμᾶν
1685 2610 1702 2641 ,
1753 2586 1872 2626 non
1910 2564 2093 2630 aliter
2140 2572 2391 2649 mrpat
2436 2588 2609 2649 quam
2650 2563 2758 2628 ubi

367 2691 552 2734 sermo
593 2671 684 2754 fit
743 2669 818 2732 de
878 2669 1044 2732 leone
1104 2668 1201 2732 vel
1257 2668 1330 2732 de
1388 2668 1598 2753 aquila
1655 2668 1917 2734 similive
1962 2691 2069 2734 ave
2085 2717 2102 2748 ,
2152 2678 2259 2734 aut
2303 2672 2378 2734 de
2420 2669 2755 2734 hominibus

365 2799 494 2840 cum
553 2777 650 2840 his
710 2774 1070 2840 animalibus
1125 2773 1509 2857 comparatis,
1564 2793 1759 2858 quam
1820 2795 1959 2839 rem
2006 2775 2228 2861 fugere
2271 2777 2555 2860 potuisse
2604 2772 2755 2838 dili-

363 2884 775 2971 gentissimos
835 2880 1308 2947 consuetudinis
1369 2879 1751 2946 Homericae
1798 2881 2227 2946 observatores
2243 2929 2261 2963 ,
2308 2879 2753 2946 Aristarchum

361 2995 428 3053 et
473 2987 532 3054 N
538 2987 842 3054 auckium
861 3032 878 3064 ‚
926 2988 1212 3072 impense
1257 2987 1477 3051 miror.
1539 2985 1711 3052 'Audi
1758 2985 2155 3052 Homerumt

455 3103 512 3158 Π
563 3092 689 3161 '751
738 3095 816 3164 ὥς
865 3092 1046 3158 εἰπὼν
1094 3091 1474 3178 (Patrocles)
1524 3090 1624 3157 ἐπὶ
1677 3091 1969 3176 Κεβριόνη
2016 3091 2153 3173 ἥρωι
2198 3093 2464 3172 βεβήκει

741 3194 940 3276 οἴμα
990 3197 1322 3269 λέοντος
1369 3193 1552 3278 ἔχων.

457 3315 506 3372 Φ
556 3304 690 3372 252
739 3302 1043 3380 Πηλεΐδης
1091 3299 1148 3368 δ’
1197 3303 1530 3383 ἀπόρουσεν
1580 3300 1713 3370 ὅσον
1762 3307 1822 3369 τ’
1870 3304 1970 3370 ἐπ’)
2021 3304 2219 3385 δουρὸς
2265 3308 2409 3387 ἐρωὴ

745 3412 1032 3476 αἰετοῦ
1079 3409 1349 3486 οἴματ’
1399 3409 1561 3490 ἔχων
1610 3411 1914 3488 μέλανος,
1967 3417 2075 3477 τοῦ
2126 3413 2464 3493 θηρητῆρος.
2556 3465 2561 3472 .

460 3527 510 3583 Χ
564 3515 692 3584 149
740 3517 928 3594 ἠύτε
975 3517 1245 3597 κίρκος
1295 3515 1579 3598 ὄρεσφιν,
1630 3517 2059 3599 ἐλαφρότατος
2110 3505 2455 3595 πετεηνῶν,

745 3623 972 3706 ῥηιδίως
1020 3621 1314 3700 οἴμησε
1361 3625 1532 3701 μετὰ
1581 3625 1850 3704 τρήρωνα
1898 3623 2179 3689 πέλειαν.

460 3741 510 3797 Χ
561 3728 694 3796 308
739 3729 1074 3808 οἴμησεν
1120 3728 1183 3794 δὲ
1229 3729 1405 3802 ἀλεὶς
1453 3727 1528 3800 ὥς
1578 3731 1637 3794 τ’
1685 3730 1889 3802 αἰετὸς
1940 3729 2337 3808 ὑψιπετήεις,

742 3834 804 3910 ὃς
851 3834 914 3901 τ’
966 3831 1114 3902 εἴσιν
1163 3835 1432 3900 πεδίονδε
1480 3834 1578 3898 διὰ
1629 3835 1861 3915 νεφέων
1908 3835 2225 3914 ἐρεβεννῶν

741 3941 1032 4023 ἁρπάξων
1079 3941 1114 4017 ἢ
1163 3941 1292 4021 ἄρν’
1339 3943 1602 4018 ἀμαλὴν
1651 3939 1684 4014 ἢ
1736 3941 1959 4004 πτῶκα
2006 3941 2289 4019 λαγωόν·

742 4043 816 4120 ὣς
859 4047 1100 4127 Ἕκτωρ
1148 4047 1443 4123 οἴμησε
1494 4045 1797 4112 τινάσσων
1842 4047 2180 4128 φάσγανον
2226 4045 2353 4122 ὀξύ.

455 4151 738 4218 Tametsi
777 4154 896 4218 hoc
939 4160 1318 4240 argumento
1355 4151 1759 4240 profligatam
1802 4156 2097 4219 existimo
2122 4153 2461 4220 lectionem
2489 4151 2753 4238 οἴματα,

364 4261 464 4326 fac
527 4266 741 4324 tamen
803 4264 1056 4346 poetam
1119 4261 1316 4325 etiam
1364 4267 1544 4325 extra
1589 4263 2127 4346 comparationem
2177 4280 2251 4326 eo
2297 4257 2607 4325 vocabulo
2656 4260 2759 4323 uti

367 4368 654 4452 potuisse
699 4365 779 4432 de
825 4365 950 4432 diis
998 4373 1112 4432 aut
1156 4368 1440 4453 personis
1483 4365 1831 4444 fabulosis,
1872 4365 2083 4451 qualis
2121 4374 2217 4432 est
2260 4365 2477 4452 Gorgo
2498 4413 2515 4443 ,
2548 4386 2629 4432 ne
2666 4368 2758 4432 sic

368 4471 630 4562 quidem
676 4473 1032 4540 Aristarchi
1078 4473 1236 4540 haec
1267 4471 1481 4539 lectio
1527 4481 1694 4540 stare
1740 4479 1951 4559 potest
1970 4519 1987 4551 ‚
2032 4474 2183 4562 quia
2220 4471 2389 4538 nihil
2425 4471 2643 4542 fabula
2682 4471 2760 4546 de
