3414 5158
1432 409 1676 458 monuo.
2702 384 2789 463 '75

385 576 623 640 diserte
685 577 800 641 aut
862 573 1146 638 disertum
1208 573 1571 660 (dissertum)
1630 575 1941 640 decernere
1955 624 1975 660 ,
2038 574 2184 643 Vnt.
2230 579 2513 643 disertum
2556 580 2753 645 dicere
2769 628 2788 665 ,

387 681 572 748 unde
636 680 691 746 si
749 681 1263 765 antiquissimam
1325 681 1596 746 formam
1659 681 1913 748 litterae
1960 700 2005 747 π
2048 685 2291 771 cogites
2309 731 2325 759 ‚
2374 683 2699 770 duplicata
2743 704 2789 752 1>

393 787 1009 874 (msnarffnmcnnn)
1063 790 1138 852 ad
1187 804 1458 853 msnarn
1502 805 1571 852 11>
1617 806 1683 854 n.
1727 791 1839 854 vix
1885 788 2020 855 ulla
2065 793 2342 856 mutatio
2391 797 2508 856 est.
2553 791 2790 856 Etenim

393 893 619 969 Madv,
688 913 802 978 pro
864 899 921 957 et
976 899 1172 957 tamen
1231 899 1344 974 (est
1405 901 1598 958 tamen
1655 891 1787 980 V.),
1838 897 2113 961 mutatio
2156 898 2225 960 in
2270 895 2385 962 illa
2428 894 2791 964 litteratura

397 1003 698 1085 antiqua,
765 1019 929 1085 quae
993 1001 1252 1086 ignorat
1310 1001 1686 1088 compendia
1748 1001 2065 1068 scribendi
2104 1002 2276 1088 ·(·n·,
2324 999 2454 1084 ti),
2517 1023 2642 1071 non
2697 1007 2791 1071 ita

399 1108 640 1194 exigua
659 1155 676 1184 ,
727 1106 837 1172 sed
881 1107 1248 1172 necessaria.

488 1319 748 1384 Famosi
812 1339 1034 1386 versus
1089 1319 1489 1386 ciceroniani
1544 1321 1811 1404 „cedant
1856 1321 2077 1387 arma”
2124 1322 2287 1388 hanc
2333 1343 2469 1388 esse
2515 1324 2789 1390 formam

395 1427 745 1513 genuinam
812 1426 1080 1502 „cedant
1139 1446 1320 1492 arma
1377 1433 1566 1514 togae
1589 1476 1606 1503 ,
1677 1427 1975 1492 concedat
2040 1426 2258 1494 laurea
2314 1428 2536 1494 laudi'’
2599 1438 2787 1510 (nonz

400 1532 668 1616 linquae)
720 1537 980 1617 apparet
1025 1553 1103 1596 ex
1149 1534 1186 1616 ξ
1235 1530 1338 1609 ¹74,
1401 1538 1466 1598 et
1514 1538 1731 1597 contra
1779 1532 2078 1598 Beierum
2126 1533 2315 1599 hodie
2361 1541 2531 1600 recte
2565 1534 2643 1601 de
2669 1535 2790 1600 Off.

399 1635 436 1699 I
478 1635 562 1704 77
605 1639 695 1702 sic
735 1637 1056 1711 scribitur,
1099 1636 1208 1702 sed
1245 1640 1433 1704 initio
1471 1639 1750 1722 proximi
1791 1638 1985 1704 fuisse
2036 1637 2461 1725 „linguaeque
2506 1639 2791 1726 eloquio”

403 1747 518 1808 aut
577 1742 794 1808 simile
860 1742 1014 1826 quid
1075 1747 1231 1828 puto
1246 1764 1264 1822 ς
1321 1747 1639 1830 ceteroqui
1684 1764 1811 1809 non
1856 1743 2295 1833 intellegitur,
2336 1745 2504 1812 unde
2548 1746 2793 1812 factum

403 1850 488 1913 sit
533 1851 610 1913 ut
657 1850 890 1912 totiens
937 1846 1270 1918 laudeturz
1313 1850 1552 1931 linquae
1599 1849 1779 1916 velut
1825 1873 1864 1916 a
1912 1850 2123 1917 Plinio
2178 1851 2260 1919 N.
2306 1851 2395 1919 H.
2444 1851 2583 1918 VII.
2639 1853 2791 1939 117,

400 1952 751 2020 Plutarcho
771 2001 788 2030 ,
859 1973 1064 2039 comp.
1113 1955 1302 2020 Dem.
1352 1961 1416 2021 et
1463 1953 1598 2022 Cic.
1646 1955 1690 2021 2
1740 1957 1871 2042 (xx)
1918 1968 1995 2039 τῇ
2046 1959 2301 2040 γλώττῃ
2346 1961 2455 2034 τὴν
2504 1960 2793 2039 θριαμβι-

401 2060 509 2134 κὴν
565 2057 833 2123 ὑπείκειν
895 2057 1186 2145 δάφνην),
1251 2059 1538 2126 Declam.
1588 2060 2131 2130 Pseudo-Sallust.
2179 2063 2220 2130 6
2273 2065 2549 2150 (linquae
2592 2067 2791 2131 etiam

402 2163 676 2252 Frena).
729 2163 945 2245 Quint.
991 2164 1103 2230 XI.
1163 2167 1220 2230 1.
1269 2164 1359 2231 24
1405 2167 1554 2232 boni
1599 2168 1780 2234 codd.
1828 2169 2094 2252 linquae.

486 2377 688 2445 Paulo
757 2384 901 2464 post
971 2377 1057 2447 '75
1125 2399 1252 2444 non
1319 2379 1485 2444 mihi
1552 2381 1899 2466 persuadeo
1964 2385 2292 2471 integrum
2354 2383 2573 2450 locum
2626 2405 2788 2452 esse:

400 2486 740 2568 „complecti
780 2487 883 2551 vis
929 2484 1359 2571 amplissimos
1402 2488 1576 2552 viros
1621 2487 1700 2552 ad
1748 2493 1937 2553 tuum
1984 2493 2049 2554 et
2096 2486 2334 2555 Gabini
2374 2488 2623 2556 scelus”
2658 2493 2706 2557 i.
2732 2512 2785 2557 e.

396 2594 752 2659 consociare
791 2593 926 2656 sive
968 2590 1191 2676 culpae
1236 2597 1484 2658 vestrae
1531 2592 1746 2659 affines
1794 2595 1997 2659 facere
2016 2644 2034 2669 ‚
2081 2595 2415 2679 implicare
2460 2617 2515 2661 c.
2545 2618 2609 2663 v.
2659 2596 2784 2664 Sed

397 2697 468 2763 id
528 2702 621 2763 sic
675 2717 800 2763 non
862 2701 1033 2763 recte
1093 2697 1350 2774 dicitur;
1416 2704 1574 2783 puto
1635 2699 1943 2764 excidisse
2007 2699 2252 2784 aliquid
2265 2719 2284 2778 ‚·
2341 2702 2569 2778 „socios
2613 2722 2787 2767 com-

398 2803 596 2889 plecti
648 2805 750 2869 vis
798 2802 1228 2888 amplissimos
1274 2806 1446 2871 viros
1492 2804 1575 2869 ad
1621 2810 1811 2870 tuum
1860 2810 1925 2871 et
1969 2804 2205 2872 Gabini
2249 2806 2509 2885 scelus''‚
2559 2807 2785 2873 adiun-

394 2931 547 2997 gere
606 2912 710 2976 vis
770 2910 1154 2995 Pompeium
1203 2909 1282 2976 ad
1331 2916 1520 2975 tuum
1567 2910 1791 2977 scelus.
1888 2911 2094 2978 Nemo
2141 2911 2545 3000 intellegeret
2564 2960 2579 2989 ,
2633 2913 2787 2999 quid

395 3012 616 3081 Cicero
677 3014 874 3081 vellet
937 3036 1015 3080 ex
1068 3016 1275 3081 verbis
1322 3018 1481 3101 ipsis
1497 3065 1516 3091 ‚
1567 3016 1676 3083 sed
1724 3015 1909 3082 facile
1957 3038 2035 3083 ex
2082 3019 2495 3103 sequentibus
2542 3018 2786 3085 divina·

395 3125 503 3186 tur
566 3121 696 3187 fere
758 3121 915 3206 quid
963 3121 1278 3200 voluerit,
1331 3127 1396 3188 et
1439 3125 1532 3188 sic
1577 3125 1986 3208 acquiescunt
2030 3122 2297 3190 lectores
2343 3125 2530 3193 facile
2576 3127 2645 3191 in
2689 3126 2791 3194 vi-

397 3229 564 3294 tiosa
607 3227 898 3294 lectione.

485 3438 590 3507 ¹76.
668 3489 698 3524 „
715 3436 966 3505 Vestrae
1026 3439 1281 3506 fraudes
1300 3490 1319 3525 ,
1383 3445 1670 3507 vestrum
1728 3441 1931 3507 scelus
1948 3491 1965 3518 ,
2013 3448 2262 3509 vestrae
2310 3446 2785 3513 criminationes

390 3546 773 3612 insidiarum
837 3566 1134 3611 mearum
1154 3594 1170 3625 ‚
1233 3546 1415 3612 illius
1474 3547 1901 3633 periculorum
1922 3598 1939 3624 ,
2000 3550 2237 3615 nefarie
2298 3549 2481 3616 fictae
2499 3598 2515 3629 ,
2586 3552 2784 3618 simul

391 3672 612 3718 eorum
633 3700 649 3731 ,
699 3653 811 3737 qui
859 3651 1314 3718 familiaritatis
1360 3652 1618 3719 licentia
1665 3674 1929 3719 suorum
1976 3653 2598 3739 improbissimorum
2649 3677 2782 3723 ser-

391 3778 660 3824 monum
708 3757 1114 3824 domicilium
1161 3762 1230 3823 in
1281 3760 1541 3825 auribus
1585 3762 1725 3824 eius
1769 3758 2055 3845 impulsu
2104 3764 2316 3825 vestro
2363 3760 2747 3829 collocarant
2766 3812 2785 3848 ‚

390 3868 466 3929 ut
527 3884 648 3951 ego
710 3864 1075 3930 excluderer
1093 3912 1110 3941 ,
1177 3884 1520 3949 omnesque
1581 3866 1693 3949 qui
1743 3884 1847 3929 me
1865 3911 1881 3943 ‚
1932 3866 2043 3948 qui
2088 3863 2266 3931 illius
2311 3864 2586 3954 gloriam
2606 3917 2625 3951 ,
2672 3872 2785 3954 qui

388 3991 526 4037 rem
571 3970 900 4055 publicam
949 3969 1193 4037 salvam
1241 3990 1375 4037 esse
1422 3970 1798 4055 cupiebant,
1847 3990 2136 4037 sermone
2180 3977 2371 4057 atque
2415 3972 2595 4039 aditu
2642 3994 2782 4059 pro-

392 4078 801 4143 hiberentur:
853 4114 936 4125 ——
987 4077 1219 4161 quibus
1278 4076 1468 4141 rebus
1530 4080 1626 4141 est
1671 4076 2026 4163 perfectum
2050 4124 2065 4155 ,
2115 4082 2191 4142 ut
2232 4077 2337 4143 illi
2380 4079 2567 4163 plane
2613 4086 2778 4146 stare

395 4184 524 4269 [in]
575 4202 692 4249 suo
735 4182 976 4248 iudicio
1023 4201 1149 4271 non
1193 4181 1478 4247 liceret.”

482 4288 640 4355 Post
702 4287 1068 4353 collocarant
1127 4287 1467 4354 deteriores
1515 4288 1694 4355 codd.
1741 4290 2009 4357 addunt:
2067 4295 2355 4370 „vestrae
2401 4290 2787 4376 cupiditates

391 4396 867 4481 provinciarum
913 4392 1296 4459 effecerunt”
1346 4396 1582 4463 omissa
1627 4398 1694 4461 in
1740 4394 1815 4462 Τ.
1863 4394 2191 4463 Sententia
2235 4396 2390 4462 haec
2436 4398 2526 4462 sic
2567 4398 2785 4466 cohae-

395 4507 494 4575 ret
562 4522 712 4575 cum
766 4500 1233 4589 superioribus:
1287 4498 1445 4581 „Om
1493 4500 1839 4589 Pompeius
1886 4523 1992 4570 me
2038 4522 2291 4590 semper
2336 4524 2452 4572 sua
2500 4505 2788 4573 amicitia
