3414 5158
1464 369 1788 422 nemus.
2693 353 2823 423 347

437 559 563 625 qna
608 544 851 608 narrem
900 535 1241 602 κλονέοντο·
1280 536 1401 604 hoc
1438 539 1606 603 certe
1642 537 1832 604 video
1869 537 2040 603 haud
2079 538 2279 605 semel
2320 540 2398 606 de
2422 540 2823 628 fugientibus

435 647 609 712 idem
656 646 916 712 narrari.
986 641 1309 710 Desiliunt
1352 641 1687 710 bellatores
1729 643 1808 710 de
1845 664 2035 710 curru
2057 690 2074 723 ,
2113 648 2189 709 ut
2226 648 2548 732 impetum
2585 647 2824 714 faciant

436 754 503 818 in
546 753 795 818 hostem
814 797 835 828 ,
881 749 1122 819 veluti:

526 869 588 926 Λ
636 858 806 926 423:
902 854 1385 937 Χερσιδάμαντα
1430 856 1483 921 δ’
1530 854 1790 935 ἔπειτα,
1839 855 1980 922 καθ’.
2027 853 2232 923 ἵππων
2277 857 2554 934 ἀΐξαντα

888 963 1042 1044 δουρὶ
1092 963 1263 1029 κατὰ
1309 961 1649 1045 πρότμησιν
1696 962 1806 1030 ὑπ’
1857 965 2114 1038 ἀσπίδος
2165 964 2609 1048 ὀμφαλοέσσης

892 1068 1065 1147 νύξεν
1081 1117 1101 1148 ,

435 1177 545 1243 sed
600 1177 833 1243 iisdem
892 1178 1105 1245 verbis
1162 1178 1373 1242 utitur
1432 1181 1620 1262 poeta
1680 1176 1760 1242 de
1819 1175 2340 1264 Hippodamante
2355 1227 2375 1263 ‚
2431 1181 2545 1264 qui
2589 1178 2817 1266 fugam

436 1284 857 1368 capessiverat
903 1292 956 1348 Τ
1008 1281 1174 1348 401:

706 1385 1187 1466 Ἱπποδάμαντα
1232 1386 1287 1452 δ’
1336 1386 1557 1454 ἔπειτα
1604 1389 1742 1453 καθ’
1794 1384 1996 1454 ἵππων
2043 1388 2320 1468 ἀΐξαντα

708 1490 941 1573 πρόσθε
986 1491 1128 1560 ἕθεν
1174 1493 1497 1576 φεύγοντα
1543 1492 1932 1574 μετάφρενον
1975 1495 2204 1562 οὔτασε
2254 1495 2432 1577 δουρί.

435 1598 657 1684 Itaque
718 1599 879 1667 alter
936 1600 1273 1680 umbilico,
1355 1606 1538 1689 tergo
1598 1600 1764 1666 alter
1819 1589 2062 1668 ferrum
2121 1604 2372 1688 recipit.
2465 1601 2602 1667 Iam
2667 1601 2822 1687 quid

434 1706 817 1772 censendum
884 1713 981 1772 est
1036 1707 1115 1774 de
1158 1717 1213 1772 E
1266 1705 1351 1772 46
1402 1713 1467 1773 et
1511 1717 1566 1772 Π
1620 1705 1796 1773 343?
1843 1707 2094 1793 Nempe
2133 1709 2199 1772 in
2239 1709 2404 1792 fuya
2445 1705 2822 1774 Idomeneus

432 1812 779 1879 Phaestum
803 1862 819 1890 ‚
869 1813 1189 1880 Meriones
1235 1812 1595 1880 Acamanta
1635 1815 2088 1880 interfecerunt
2107 1861 2122 1890 ‚
2163 1835 2366 1898 quum
2402 1817 2472 1879 in
2508 1833 2582 1879 eo
2616 1817 2824 1878 essent

431 1924 509 1984 ut
554 1939 809 1984 currum
858 1939 986 1986 non
1034 1919 1551 2003 conscenderent,
1601 1921 1710 1986 sed
1743 1925 1820 1985 ut
1857 1921 2297 2006 relinquerent,
2339 1923 2520 2005 equis
2559 1919 2822 1985 fortasse

433 2027 842 2091 consternatis
859 2073 876 2103 ,
948 2026 1113 2111 quod
1184 2028 1379 2092 etiam
1446 2026 1699 2093 Nestori
1767 2027 2000 2092 accidit
2065 2036 2120 2092 Θ
2161 2027 2270 2092 81.
2383 2026 2553 2107 Quid
2615 2028 2820 2114 igitur

432 2116 905 2183 rescribendum
968 2115 1106 2184 est?
1170 2114 1435 2184 Certum
1494 2123 1593 2183 est
1650 2119 1696 2183 οἱ
1715 2117 1875 2195 ποβ
1894 2143 1929 2193 η
1949 2117 2035 2182 σο’
2050 2143 2100 2196 μ
2120 2141 2287 2182 ενον
2333 2118 2672 2204 utrobique
2717 2137 2823 2184 ve·

430 2241 571 2288 ram
616 2224 995 2308 scripturam
1045 2241 1199 2290 esse.
1292 2223 1445 2290 Noli
1491 2223 1746 2291 eredere
1788 2225 1986 2290 nimis
2032 2223 2380 2292 violentam
2430 2243 2574 2290 eam
2619 2223 2822 2290 medi-

432 2329 643 2394 cinam
688 2349 823 2394 esse
838 2349 855 2406 ;
905 2331 1191 2414 primum
1240 2332 1411 2396 enim
1461 2329 1647 2396 facile
1686 2328 2118 2417 intelligimus
2153 2328 2369 2396 locum
2407 2333 2484 2395 de
2519 2331 2824 2396 industria

432 2439 803 2519 corruptum
870 2435 1095 2510 fuisse,
1146 2439 1224 2500 ut
1265 2434 1427 2500 Zoili
1474 2435 1876 2520 reprehensio
1922 2435 2306 2502 eluderetur.
2389 2436 2636 2502 Deinde
2679 2456 2824 2502 con-

431 2538 585 2607 ferri
632 2539 829 2627 Jubeo
884 2549 937 2607 E
986 2538 1117 2607 227
1138 2590 1157 2617 ,
1210 2541 1325 2607 ubi
1363 2561 1563 2626 quum
1612 2540 1969 2609 zenodotus
2015 2546 2184 2609 recte
2244 2526 2545 2610 edidisset
2591 2540 2822 2621 ἐπιβή-

431 2670 624 2723 σομαι
640 2695 657 2725 ,
720 2647 1126 2713 Aristarchus
1172 2649 1383 2714 nescio
1434 2666 1559 2733 quo
1589 2646 1823 2735 judicii
1865 2668 2072 2715 errore
2111 2648 2520 2726 ἀποβήσομαι
2559 2651 2824 2735 rescrip-

430 2754 539 2819 sit.
619 2752 772 2819 Dixi
828 2752 909 2818 de
968 2774 1043 2821 eo
1088 2752 1231 2821 loco
1291 2752 1411 2833 Qu.
1460 2752 1656 2819 Hom.
1705 2774 1772 2839 p.
1829 2753 1954 2821 111
2007 2760 2073 2821 et
2119 2754 2402 2821 notabile
2444 2755 2564 2821 hoc
2613 2760 2710 2821 est
2751 2757 2823 2819 in

429 2858 797 2925 Aristarcho
858 2859 1228 2945 exemplum
1289 2858 1572 2938 ἀκρισίας
1592 2909 1610 2944 ,
1675 2860 1788 2945 qui
1831 2868 1884 2925 E
1941 2858 2074 2925 227
2123 2880 2450 2946 perperam
2501 2862 2822 2945 rescripsit

427 2962 629 3031 ἵππων
698 2965 1145 3044 ἀποβήσομαι,
1208 2986 1409 3051 quum
1474 2967 1645 3032 idem
1713 2972 1885 3034 recte
1942 2965 2266 3055 legeretur
2311 2977 2356 3031 Ρ
2407 2964 2560 3031 480.
2651 2964 2819 3031 Rem

428 3092 577 3138 cum
626 3093 778 3138 cura
822 3072 1219 3138 considerent
1264 3070 1721 3160 Regimontani
1767 3077 1834 3139 et
1879 3072 1993 3139 alii
2014 3119 2030 3150 ,
2079 3073 2192 3157 qui
2231 3072 2588 3139 Aristarchi
2623 3074 2822 3139 vesti-

425 3178 539 3267 gia
568 3177 825 3244 adorare
865 3175 1069 3243 solent
1106 3179 1291 3262 eique
1328 3181 1578 3245 tantum
1618 3179 1914 3245 tribuunt
1951 3184 2264 3264 quantum
2312 3177 2604 3245 Bentleio
2628 3198 2817 3245 nemo

428 3283 675 3348 tribuit.
1053 3282 1063 3292 ’

518 3504 571 3561 E
621 3492 745 3562 8¹7:

698 3604 834 3668 θῦνε
878 3602 1009 3682 γὰρ
1056 3600 1155 3680 ἂμ
1200 3600 1405 3668 πεδίον
1452 3604 1718 3685 ποταμῷ
1763 3600 2068 3679 πλήθοντι
2122 3603 2321 3675 ἐοικὼς

698 3706 1051 3789 χειμάρρῳ,
1099 3706 1161 3781 ὅς
1211 3709 1271 3773 τ’
1318 3704 1449 3774 ὦκα
1496 3708 1637 3790 ῥέων
1684 3707 2081 3774 ἐκέδασσε
2138 3707 2450 3789 γεφύρας.

425 3810 634 3901 Lege:
703 3813 1076 3879 ἐκέασσε.
1148 3812 1249 3880 cf.
1297 3816 1523 3879 Mnem.
1566 3812 1653 3879 IV
1698 3811 1854 3881 202.
1927 3812 2000 3879 In
2059 3812 2326 3880 eandem
2388 3814 2814 3899 conjecturam

424 3924 569 4004 post
606 3939 707 3985 me
745 3919 807 3985 Ν
810 3918 1079 3987 auckius
1116 3919 1347 3987 incidit
1377 3920 1665 3988 Ballou„
1690 3920 1793 3985 IX
1831 3940 1892 4005 p.
1933 3917 2086 3985 334.
2150 3918 2412 3985 Praeter
2448 3916 2620 3984 locos
2657 3936 2816 4003 quos

425 4024 583 4093 olim
628 4024 925 4111 laudavi,
970 4044 1142 4093 nuuc
1187 4024 1351 4093 addo
1398 4024 1652 4093 Lucret.
1702 4024 1735 4091 1
1778 4023 1934 4091 285.

516 4237 733 4307 Facile
792 4239 863 4305 id
924 4259 1152 4305 verum
1202 4260 1339 4305 esse
1382 4239 1734 4325 comperies
1777 4238 1946 4326 quod
1993 4238 2312 4305 Personus
2351 4220 2688 4303 'adnotavit
2733 4234 2814 4303 ad

421 4344 575 4411 Eur.
647 4344 816 4410 Med.
888 4342 1061 4409 1363
1082 4391 1099 4423 ‚
1170 4344 1417 4412 Atticos
1480 4348 1618 4412 sine
1681 4346 2050 4412 discrimine
2114 4345 2348 4411 dixisse
2407 4342 2700 4422 οὶμβλώψ
2751 4347 2818 4407 et

424 4450 776 4532 ὦμβλωπόο
794 4500 813 4539 ,
853 4450 1115 4532 γοργώψ
1148 4456 1213 4517 et
1237 4452 1559 4530 γοργωπός
1578 4500 1595 4531 ,
1621 4450 1826 4532 ἄδμης
1853 4457 1918 4518 et
1941 4448 2214 4531 ἄδμητος
2239 4498 2258 4530 ,
2284 4448 2445 4535 ἄζυξ
2467 4456 2532 4517 et
2557 4447 2818 4535 ἄζυγος,
