3414 5158
1415 406 1647 455 rnuo.
2670 381 2755 451 45

373 570 554 640 addit
615 577 800 657 turpe
864 592 998 637 esse
1058 574 1126 636 in
1190 570 1308 635 tali
1367 570 1632 635 civitate
1692 569 1761 634 τὸ
1823 569 1927 634 καὶ
1976 568 2182 645 ἀξιοῦν
2231 573 2341 640 τῆς
2388 572 2504 632 τῶν
2553 566 2762 632 ἄλλων

377 680 718 759 μοχθηρίας
783 684 928 742 τῶν
978 677 1344 754 μεγίςων
1392 676 1749 754 ἐμφύεσθαί
1794 697 1931 739 τινα
1978 672 2337 750 μεθέξοντα.
2433 672 2590 753 Quis
2635 693 2761 738 non

375 785 553 850 videt
613 803 726 870 pro
784 790 900 848 τῶν
965 786 1243 861 μεγίςων
1289 784 1480 847 scribi
1527 788 1813 867 oportere
1861 784 2145 867 ipsorum
2191 783 2435 846 civium
2484 801 2716 846 nomen
2739 828 2756 857 ,

379 912 464 956 so.
513 896 628 955 τῶν
679 893 1170 968 Μαγνήτων.

469 994 632 1060 Ibid.
689 992 762 1061 Ο.
829 994 1316 1070 νομοθετούμενοι
1364 1002 1488 1067 τοῖς
1539 994 1737 1073 ἥρωσι.
1786 994 1963 1059 Alias
2011 994 2197 1059 docui
2243 991 2619 1080 legendum3
2671 1015 2765 1056 νο-

377 1100 786 1177 μοθετοῦμεν,
837 1104 888 1165 οἱ
937 1110 1060 1172 τοῖς
1114 1099 1290 1179 ἥρωσι
1341 1149 1355 1165 .
1383 1150 1396 1165 .
1431 1150 1446 1166 .
1474 1150 1487 1165 .
1543 1101 1945 1175 ἐνομοθέτουν.

471 1206 634 1271 Ibid.
684 1205 762 1270 D.
828 1208 1202 1280 ἀνεμέσητον
1265 1207 1333 1279 δη
1399 1206 1733 1286 φοβεῖσθαι
1783 1208 1871 1281 μή
1921 1230 2013 1275 τις
2061 1207 2440 1284 ἐγγίγνηται
2494 1206 2611 1269 τῶν
2663 1228 2769 1269 πο·

379 1318 560 1376 λιτῶν
629 1314 772 1389 ἧμῖν
835 1307 950 1376 οἷον
1013 1316 1426 1392 κερασβόλος,
1479 1306 1538 1383 ὃς
1591 1312 1916 1389 ἀτεράμων
1968 1315 2051 1382 εἷς
2102 1316 2381 1376 τοσοῦτον
2430 1314 2616 1386 Φύσει
2666 1312 2767 1389 γί-

382 1420 574 1495 γνοιτ’
623 1418 700 1482 ἂν
747 1414 902 1483 ὥστε
951 1421 1038 1495 μη
1088 1420 1418 1503 τήκεσθαι,
1468 1421 1630 1483 καθά
1682 1442 1795 1497 περ
1845 1419 2047 1481 έκεῒνα
2095 1420 2178 1480 τά
2222 1418 2560 1494 σπέρματα
2603 1417 2767 1501 πυρί,

382 1522 583 1597 νόμοις
653 1518 812 1587 οὗτοι
885 1525 992 1587 καί
1062 1548 1173 1605 περ
1244 1521 1429 1593 οὕτως
1503 1525 1775 1602 ἷσχυροῖς
1849 1518 2011 1586 οὖσιν
2079 1522 2336 1596 ἄτηκτοι
2402 1524 2768 1599 γίγνωνται.

383 1626 601 1693 Multa
661 1636 812 1692 sunt
865 1632 936 1692 in
996 1629 1098 1693 his
1160 1650 1196 1693 a
1257 1628 1572 1693 Platonici
1617 1631 1927 1693 sermonis
1970 1630 2172 1693 nitore
2222 1627 2611 1693 alienissima
2628 1648 2644 1706 3
2698 1632 2773 1693 ut

387 1732 768 1811 ἐγγίγνηται
834 1733 1210 1811 κερασβόλος
1273 1730 1334 1803 ὃς
1400 1734 1727 1811 ἀτεράμων
1792 1733 2057 1810 γίγνοιτ’
2121 1732 2236 1815 ἄν,
2301 1740 2364 1797 et
2412 1734 2688 1797 mutatio
2736 1753 2775 1797 a

387 1838 702 1925 singulari
770 1861 864 1908 τις
925 1841 992 1903 in
1055 1838 1370 1923 pluralem
1431 1835 1589 1903 οὗτοι
1653 1843 1785 1903 sine
1832 1858 2019 1903 causa
2067 1838 2256 1903 faeta.
2355 1838 2579 1923 Neque
2625 1859 2774 1905 vero

385 1952 536 2028 apta
580 1950 678 2008 est
724 1947 1110 2029 comparatio
1157 1946 1324 2010 inter
1363 1950 1481 2023 πῦρ
1529 1952 1592 2009 et
1640 1944 1925 2023 ἰσχυροὺς
1978 1944 2214 2019 νόμους.
2266 1942 2607 2027 Ceterum,
2652 1944 2776 2008 nisi

383 2049 604 2134 fallor,
662 2050 802 2127 πυρὶ
853 2051 1184 2129 τήκεσθαι,
1238 2050 1402 2135 (vel,
1451 2051 1617 2134 quod
1665 2048 1921 2115 mavult
1968 2053 2227 2133 AetiuS,
2277 2050 2646 2133 τέγγεσθαι)
2699 2050 2777 2115 de

385 2178 541 2240 aqua
586 2157 876 2240 fervente
937 2157 1212 2233 dieitur-3
1273 2178 1420 2222 nam
1446 2206 1465 2240 ,
1529 2160 1584 2221 ei
1647 2158 1723 2221 de
1770 2160 1907 2242 ipso
1956 2158 2107 2243 igne
2152 2154 2515 2243 intellig-ae,
2563 2158 2778 2220 omnia

383 2264 624 2346 pariter
685 2266 964 2340 semina,
1029 2266 1168 2328 eive
1231 2262 1590 2341 κερασβόλα
1639 2264 1775 2328 sive
1822 2262 1949 2327 alia
1994 2261 2233 2326 fuerint
2278 2264 2413 2326 sine
2458 2260 2595 2326 ullo
2644 2260 2774 2325 dis-

385 2369 654 2433 crimine
706 2376 1039 2434 torrentur.
1089 2366 1212 2433 Sed
1258 2370 1517 2454 ingenia
1561 2368 1900 2432 hominum
1948 2366 2205 2455 legibus
2251 2366 2600 2431 mollienda
2641 2386 2775 2431 esee

390 2472 692 2557 disputat.
745 2472 919 2553 Quae
967 2471 1266 2559 ingenia?
1315 2472 1434 2537 llla
1480 2475 1618 2557 ipsa
1666 2494 1825 2557 quae
1872 2473 2126 2559 legibus
2176 2472 2417 2538 molliri
2466 2493 2590 2536 non
2637 2492 2779 2557 pos-

390 2574 574 2642 sunt!
647 2576 822 2642 Haeo
892 2585 1060 2643 eerte
1123 2576 1309 2642 Plato
1367 2599 1491 2642 non
1554 2581 1845 2662 scripsit.
1910 2579 2018 2643 sed
2078 2578 2447 2642 huiuamodi
2496 2578 2776 2662 aliquid:

391 2685 648 2771 ingenia
710 2704 869 2768 quae
932 2682 1267 2768 disciplina
1327 2691 1391 2746 et
1439 2684 1725 2747 moribus
1774 2681 2025 2754 ἀτηκτα
2072 2703 2181 2746 eeu
2231 2681 2523 2759 ἄτεγκτοι
2571 2689 2779 2749 essent

389 2787 644 2875 legibus
688 2791 1003 2853 coercenda
1047 2810 1200 2854 esee.
1248 2789 1345 2852 Ex
1391 2792 1704 2854 sententia
1751 2791 1977 2853 misere
2022 2787 2405 2873 interpolata
2449 2790 2605 2855 haee
2644 2797 2781 2854 tan-

389 2899 528 2958 tum
597 2897 841 2959 auctori
897 2896 1219 2960 vindicare
1279 2896 1522 2959 ausim:
1583 2897 1671 2970 μή
1736 2919 1829 2965 τις
1890 2895 2273 2972 ἐγγίγνηται
2337 2903 2455 2959 τῶν
2517 2900 2779 2958 πολιτῶν

393 3002 536 3076 ἡμῖν
583 2997 699 3065 οἷον
747 3001 1159 3081 κερασβόλος,
1211 2998 1541 3076 ἀτεράμονι
1591 3002 1676 3070 εἷς
1725 3005 2010 3066 τοσοῦτον
2057 3002 2286 3086 φύσει,
2334 2999 2447 3070 ὥςε
2498 3001 2780 3081 καθάπερ

390 3107 590 3171 ἐκεῖνα
639 3107 723 3171 τὰ
767 3107 1102 3186 σπέρματα
1153 3107 1292 3185 πυρὶ
1341 3131 1400 3172 κ.
1427 3130 1487 3170 τ.
1514 3105 1563 3170 ὲ.

480 3211 634 3278 854.
682 3212 763 3278 A.
827 3215 997 3278 κατά
1061 3213 1160 3277 τὸν
1220 3212 1552 3291 ἔμπροσθεν
1616 3212 1802 3290 λόγον
1850 3213 2329 3290 όμολογηθέντα.
2424 3213 2775 3298 Scripserat

391 3325 641 3396 auctor,
703 3320 872 3384 κατὰ
935 3319 1038 3383 τὸν
1095 3319 1426 3397 ἔμπροσθεν
1491 3318 1714 3396 λόγον,
1783 3341 1867 3384 se.
1919 3322 2240 3404 prooemia
2286 3318 2543 3406 legibus
2590 3340 2771 3404 prae-

391 3425 705 3490 mittenda
769 3445 932 3503 esee3
999 3429 1328 3490 annotavit
1371 3427 1584 3490 neseio
1633 3427 1775 3509 quis
1824 3427 1992 3489 κατὰ
2042 3426 2129 3489 τά
2178 3424 2510 3504 ἔμπροσθεν
2562 3426 2779 3502 ὁμολο-

393 3530 684 3606 γηθέντα.
775 3530 872 3594 Ex
935 3531 1036 3594 his
1098 3531 1364 3596 conflata
1422 3539 1518 3595 eet
1563 3539 1921 3595 nostrorum
1970 3529 2280 3596 librorum
2328 3531 2535 3596 lectio.
2632 3531 2777 3596 Nisi

392 3634 553 3701 forte
615 3635 784 3701 idem
848 3636 953 3700 hie
1015 3636 1256 3701 factum
1322 3641 1453 3719 eet,
1520 3636 1687 3722 quod
1732 3638 1801 3700 in
1847 3637 1947 3700 his
1994 3639 2364 3720 praesertim
2412 3635 2596 3700 libris
2642 3633 2779 3699 fieri

393 3741 586 3826 solet,
633 3748 707 3806 ut
755 3763 937 3808 voees
983 3743 1196 3807 sedem
1247 3746 1660 3807 mutaverint.
1741 3740 1909 3804 Tum
1955 3740 2303 3828 legendum
2354 3745 2473 3806 erit
2518 3740 2621 3804 τὸν
2670 3739 2779 3816 ἔμ-

395 3848 641 3924 προσθεν
698 3847 1152 3924 ὁμολογηθέντα
1217 3845 1422 3924 λόγον.
1519 3845 1697 3910 Idem
1756 3864 1926 3908 error
1987 3845 2157 3911 haud
2215 3845 2406 3911 dubie
2452 3849 2520 3909 in
2565 3845 2777 3911 verbis

395 3954 702 4036 proximis
749 3953 1614 4031 οὔῐὶιιιιίῐ-παρακαλοῦσα
1661 3950 1797 4024 μεθ’
1848 3948 2077 4029 ἡμέραν
2116 3973 2187 4015 τε
2226 3950 2331 4016 καὶ
2375 3950 2777 4030 ἐπεγείρουσα

398 4055 644 4136 νύκτωρ.
695 4055 866 4143 Lege
913 4060 1048 4132 μεθ’
1099 4055 1328 4136 ἡμέραν
1376 4080 1447 4120 τε
1495 4059 1981 4132 παρακαλοῦσα.

488 4161 560 4226 Β.
636 4157 862 4240 οἶστρος
927 4160 990 4225 δέ
1055 4162 1139 4226 σέ
1200 4185 1293 4233 τις
1357 4161 1741 4240 ἐμφυόμενος
1813 4162 1883 4226 έκ
1930 4164 2215 4227 παλαιῶν
2264 4162 2368 4226 καὶ
2418 4159 2779 4238 ἀκαθάρτων

395 4275 568 4339 τοῖς
616 4267 1055 4345 ἀνθρώποις
1105 4267 1505 4343 ἀδικημάτων
1552 4266 2018 4347 περιφερόμενος
2067 4268 2487 4347 ἀλιτηριώδης.
2542 4266 2779 4333 Malim

397 4369 625 4454 οἶστρος
683 4373 737 4438 δ’
783 4371 960 4439 ἔστι
1007 4397 1101 4445 τις
1123 4419 1139 4452 ,
1186 4381 1251 4439 et
1296 4372 1690 4452 ἀδικημάτων
1738 4381 1865 4446 τοῖς
1914 4373 2235 4454 ἀνθρώποις
2287 4372 2776 4456 περιφερόμενος.

396 4478 556 4546 Mox
599 4479 745 4568 lege
790 4481 884 4553 τίς
937 4479 992 4542 δ’
1041 4480 1164 4549 έςὶν
1211 4479 1306 4566 (ἦ)
1353 4479 1698 4557 εὐλάβεια,
1747 4478 1932 4558 μάθε.
