3414 5158
657 339 786 408 124
1746 358 1939 411 mus.
2064 408 2070 415 .

922 522 1087 606 ὄφρα
1135 523 1240 593 καὶ
1293 522 1731 604 Αὐτομέδοντα
1776 528 2081 593 σαώσετον
2131 526 2199 593 ἐκ
2244 524 2558 605 πολέμοιο.

931 630 1108 719 [νῆας
1151 631 1250 695 ἐπὶ
1297 630 1644 713 γλαφυράς
1665 654 1681 670 ·
1734 630 1825 699 ἔτι
1872 632 1999 714 γάρ
2048 638 2289 715 σφισι
2339 634 2516 709 κῦδος
2562 632 2742 714 ὀρέξω

923 736 1236 828 κτεινέμεν
1279 738 1366 811 είς
1413 733 1451 803 δ’
1489 764 1560 805 κε
1609 749 1755 815 νῆας
1806 740 2181 818 ἐυσσέλμους
2227 740 2618 827 ἀφίκωνται,

922 844 1032 927 δύη
1075 851 1134 909 τ’
1185 846 1378 922 ἠέλιος
1428 847 1534 912 καὶ
1581 846 1682 911 ἐπὶ
1732 844 1969 929 κνέφαος
2016 846 2165 927 ἱερὸν
2212 842 2411 933 laon}

742 949 914 1017 Nam
983 972 1239 1038 prorsus
1305 951 1474 1019 nihil
1533 956 1670 1019 erat
1748 974 1862 1019 our
1934 952 2185 1039 Iupiter
2260 972 2479 1021 seeum
2552 951 2817 1039 loquens
2876 952 3045 1019 hane

651 1078 837 1125 suam
917 1064 1200 1125 mentem
1284 1063 1509 1145 poetae
1593 1058 1995 1125 auditoribus
2079 1060 2482 1146 patefaceret.
2576 1058 2845 1145 Insuper
2902 1078 3045 1145 per—

651 1164 916 1231 obscure
975 1168 1042 1231 et
1105 1165 1332 1250 supine
1399 1164 1644 1231 dictum
1697 1170 1797 1231 est
1841 1165 2023 1247 σφίσι
2072 1166 2151 1232 de
2194 1162 2484 1233 'Ptoianis
2502 1214 2520 1250 ,
2570 1165 2649 1231 de
2693 1164 2925 1250 quibus
2970 1165 3045 1229 in

651 1271 1036 1357 praegressis
1097 1268 1276 1335 nulla
1338 1269 1508 1336 faeta
1553 1278 1651 1336 est
1695 1271 1979 1349 mentio,
2028 1276 2104 1336 ut
2149 1277 2393 1337 taceam
2442 1291 2670 1357 parum
2716 1268 3047 1358 eleganter

649 1378 874 1442 statim
951 1380 1095 1461 post
1162 1383 1310 1451 νῆας
1373 1375 1475 1441 ἐπὶ
1542 1376 1884 1458 γλαφυράς
1946 1376 2125 1465 sequi
2186 1377 2383 1444 verba
2446 1385 2591 1453 νῆας
2642 1376 3039 1453 ἐυσσέλμους.

651 1482 884 1549 Procul
954 1482 1150 1549 dubio
1195 1480 1611 1570 interpolator
1657 1482 1813 1549 haee
1860 1481 2045 1549 finxit
2090 1504 2208 1569 ope
2254 1483 2379 1549 loci
2425 1492 2485 1549 A
2536 1480 2668 1548 206
2716 1501 2876 1569 sqq„
2924 1480 3041 1547 ubi
3100 1503 3113 1511 ·

652 1589 778 1655 Iris
803 1591 982 1655 iussu
1005 1586 1270 1655 Iunonis
1294 1591 1473 1657 venit
1495 1588 1578 1655 ad
1599 1587 1969 1667 Hectorem,
1996 1610 2186 1676 quem
2210 1594 2549 1676 postquam
2574 1587 3041 1677 Agamemnoni

653 1694 875 1763 cedere
919 1696 1113 1759 iussit
1127 1731 1148 1769 ,·
1193 1695 1348 1761 haee
1395 1696 1589 1761 verba
1637 1697 2009 1784 subiungit:
2072 1712 2079 1719 ·

791 1801 993 1880 αὐτὰρ
1041 1800 1182 1867 έπεί
1227 1800 1286 1866 κ’
1337 1799 1840 1889 (Agamemnon)
1890 1802 1924 1879 ἢ
1976 1802 2130 1884 δουρὶ
2180 1802 2398 1878 τυπεὶς
2446 1802 2483 1881 ἢ
2528 1801 2843 1881 βλήμενος
2882 1801 2948 1881 ίῷ

792 1909 879 1980 εἷς
927 1904 1150 1981 ἵππους
1197 1906 1462 1985 ἅλεται,
1511 1907 1654 1973 τότε
1699 1930 1793 1973 τοι
1840 1908 2060 1988 κρατος
2108 1908 2480 1990 ἐγγυαλίξει
2532 1908 2740 1996 (Ζεύς)

793 2013 1188 2091 κτείνειν,
1239 2014 1358 2085 εἷς
1405 2008 1444 2077 ὅ
1486 2037 1572 2079 κε
1621 2021 1815 2089 νῆας
1864 2014 2381 2093 ἐυσσέλμους
2430 2016 2791 2097 ἀφίκηαι

792 2117 932 2198 δύη
977 2120 1035 2181 τ’
1085 2118 1352 2195 ἠέλιος
1404 2118 1538 2184 καὶ
1589 2119 1719 2185 ἐπὶ
1768 2120 2089 2203 κνέφας
2137 2121 2352 2204 ἱερὸν
2400 2120 2604 2204 ἔλθῃ.

751 2224 959 2305 Quam
1029 2223 1216 2291 facile
1283 2224 1478 2291 fuerit
1537 2228 1873 2313 negotium
1934 2228 2314 2313 interpolare
2375 2227 2737 2293 Homerum
2798 2246 2877 2291 ex
2921 2224 3042 2290 hoe

655 2327 926 2416 aliisque
982 2329 1280 2416 plurimis
1339 2331 1652 2417 exemplis
1699 2333 1929 2399 videre
1987 2331 2173 2419 lieet,
2222 2333 2421 2399 simul
2466 2340 2685 2411 autern
2732 2336 3042 2419 quantum

654 2436 850 2503 distet
891 2456 1197 2525 germana
1237 2440 1444 2524 poesis
1489 2458 1528 2505 a
1571 2441 1940 2527 sequiorum
1986 2438 2349 2508 versificum
2394 2442 2609 2529 nugis.

747 2663 790 2720 P
841 2651 972 2721 '746
1017 2674 1152 2741 sqq.

2134 2761 2336 2841 αὐτὰρ
2382 2760 2625 2827 ὄπισθεν

1021 2863 1242 2932 Αἴαντ’
1286 2865 1664 2948 ἰσχανέτην,
1718 2863 1794 2939 ὥς
1840 2891 1913 2932 τε
1960 2868 2119 2946 πρὼν
2164 2866 2411 2949 ἰσχάνει
2462 2865 2613 2948 ὕδωρ

1022 2973 1226 3049 ὑλήεις
1275 2971 1498 3039 πεδίοιο
1545 2973 1895 3054 διαπρύσιον
1939 2977 2294 3055 τετυχηκώς
2321 3022 2337 3053 ,

1018 3075 1083 3154 ὅς
1128 3103 1200 3144 τε
1246 3078 1354 3146 καὶ
1401 3078 1670 3161 ἰφθίμων
1717 3085 2015 3158 ποταμῶν
2060 3081 2363 3161 ἀλεγεινὰ
2409 3078 2614 3162 ῥέεθρα

1018 3183 1096 3250 ἵσ
1109 3207 1281 3265 χει·
1330 3183 1510 3266 ἄφαρ
1559 3184 1623 3250 δέ
1669 3209 1742 3250 τε
1788 3189 1945 3251 πᾶσι
1994 3185 2120 3268 ῥόον
2175 3186 2442 3252 πεδίονδε
2490 3187 2720 3262 τίθησιν

1011 3289 1302 3371 πλάζων·
1351 3290 1490 3356 οὐδέ
1534 3315 1604 3356 τε
1653 3315 1760 3368 μιν
1806 3291 2001 3357 σθένεΐ
2048 3295 2300 3374 ῥηγνῦσι
2346 3293 2595 3374 ῥέοντες.

743 3394 954 3462 Sobel.
1006 3395 1162 3462 Ven.
1223 3399 1301 3471 ὣς
1349 3395 1410 3462 δὲ
1458 3398 1487 3462 ὃ
1534 3399 1695 3479 πρὼν
1747 3398 1967 3463 κωλύει
2013 3399 2084 3463 τὸ
2132 3397 2566 3480 ἐπιφερόμενον
2615 3394 2763 3478 ὕδωρ
2814 3398 2900 3471 εἷς
2948 3395 3035 3462 τὸ

651 3501 942 3582 χωρίον
988 3502 1207 3580 ἐλθεῖν,
1257 3503 1326 3568 τὸ
1375 3502 1440 3568 δὲ
1479 3503 1911 3584 περιεχόμενον
1936 3504 2019 3590 (i.
2049 3525 2103 3570 e.
2146 3505 2521 3590 coercitum)
2558 3504 2643 3576 εἱς
2684 3504 2755 3568 τὸ
2799 3501 3035 3569 ὑποκεί-

651 3631 829 3688 μενον
889 3608 1094 3674 πεδίον
1135 3613 1260 3690 ῥεῖ,
1307 3605 1495 3683 οὕτως
1541 3609 1641 3676 ἐπὶ
1691 3613 1776 3691 τῷ
1825 3609 2071 3687 σώματι
2118 3607 2475 3690 Πατρόκλον
2522 3609 2763 3691 ὲδραίως
2816 3609 3034 3682 ἑςῶτες

653 3714 997 3794 ἀπέτρεπον
1043 3715 1186 3788 τοὺς
1231 3721 1448 3795 Τρῶας
1498 3716 1598 3780 ἐπὶ
1647 3714 1808 3780 ἄλλο
1853 3715 2053 3796 μέρος.
2146 3713 2611 3802 Corrigendum
2659 3715 2917 3782 videtur
2953 3703 3057 3786 εἷς’

651 3823 754 3888 τὰ
799 3821 997 3902 χωρί
1016 3845 1096 3898 α,
1146 3826 1219 3888 ut
1262 3821 1724 3911 intellegantur
1769 3825 1907 3910 agri
1950 3821 2139 3900 culti,
2188 3842 2344 3908 quos
2382 3823 2709 3908 oppositus
2732 3826 3037 3906 tanquam

652 3927 783 3995 alta
829 3929 969 4014 ripa
1011 3949 1212 4016 agger
1257 3927 1371 3994 ille
1415 3928 1724 3996 naturalis
1774 3949 1811 3994 a
1857 3931 2234 3996 torrentium
2261 3927 2360 3994 'de
2406 3926 2733 3993 montibus
2764 3927 3035 3992 'deseen-

650 4033 941 4101 dentium
997 4037 1180 4120 aquis
1242 4034 1540 4100 defendit.
1608 4033 1716 4100 Sic
1762 4036 1934 4100 enim
1984 4033 2159 4100 loeus
2204 4037 2363 4100 satis
2411 4032 2688 4100 difficilis
2730 4033 3038 4118 interpre-

649 4139 881 4208 tandus
942 4161 1075 4207 esse
1137 4141 1412 4208 videtur.
1512 4140 1683 4206 Nam
1748 4143 1805 4205 si
1849 4142 2210 4227 cogitamus
2259 4139 2488 4206 collem
2534 4142 2629 4206 ita
2672 4145 3035 4225 porrectum

649 4268 760 4333 per
805 4268 1105 4332 eampum
1122 4297 1144 4324 ,
1195 4253 1268 4312 ut
1314 4245 1837 4312 descendentibus
1885 4249 2065 4331 aquis
2114 4253 2511 4314 transversus
2558 4235 2894 4329 obiciatur,
2942 4245 3036 4308 in-

647 4351 873 4442 tellegi
917 4358 1240 4438 nequeunt
1286 4353 1478 4421 verba
1525 4349 1705 4433 ἅφαρ
1758 4388 1840 4402 -
1890 4349 2166 4434 πλάζων.
