<?xml version="1.0" encoding="UTF-8"?>
<!DOCTYPE html PUBLIC "-//W3C//DTD XHTML 1.0 Transitional//EN"
    "http://www.w3.org/TR/xhtml1/DTD/xhtml1-transitional.dtd">
<html xmlns="http://www.w3.org/1999/xhtml" xml:lang="en" lang="en">
 <head>
  <title>
</title>
<meta http-equiv="Content-Type" content="text/html;charset=utf-8" />
  <meta name='ocr-system' content='tesseract 3.04.00' />
  <meta name='ocr-capabilities' content='ocr_page ocr_carea ocr_par ocr_line ocrx_word'/>
</head>
<body>
  <div class='ocr_page' id='page_1' title='image "./mnemosynevolume02verdgoog_0090.png"; bbox 0 0 3414 5158; ppageno 0'>
   <div class='ocr_carea' id='block_1_1' title="bbox 695 349 2083 425">
    <p class='ocr_par' dir='ltr' id='par_1_1' title="bbox 695 349 2083 425">
     <span class='ocr_line' id='line_1_1' title="bbox 695 349 2083 425; baseline 0.001 -4"><span class='ocrx_word' id='word_1_1' title='bbox 695 349 784 422; x_wconf 84' lang='lat'><strong><em>82</em></strong></span> <span class='ocrx_word' id='word_1_2' title='bbox 1686 374 2083 425; x_wconf 66' lang='lat' dir='ltr'><strong><em>mosomus.</em></strong></span> 
     </span>
    </p>
   </div>
   <div class='ocr_carea' id='block_1_2' title="bbox 679 536 3079 2968">
    <p class='ocr_par' dir='ltr' id='par_1_2' title="bbox 690 536 3079 714">
     <span class='ocr_line' id='line_1_2' title="bbox 690 536 3079 627; baseline -0.001 -22"><span class='ocrx_word' id='word_1_3' title='bbox 690 564 916 619; x_wconf 76' lang='grc' dir='ltr'><strong><em>γεται,</em></strong></span> <span class='ocrx_word' id='word_1_4' title='bbox 979 542 1259 621; x_wconf 77' lang='grc' dir='ltr'><strong><em>ῥηθῆναι,</em></strong></span> <span class='ocrx_word' id='word_1_5' title='bbox 1327 545 1393 607; x_wconf 89' lang='lat' dir='ltr'><strong><em>et</em></strong></span> <span class='ocrx_word' id='word_1_6' title='bbox 1453 540 1692 607; x_wconf 78' lang='lat' dir='ltr'><strong>similia</strong></span> <span class='ocrx_word' id='word_1_7' title='bbox 1752 542 1854 605; x_wconf 89' lang='lat' dir='ltr'><strong><em>his</em></strong></span> <span class='ocrx_word' id='word_1_8' title='bbox 1916 543 2151 627; x_wconf 78' lang='lat' dir='ltr'><strong>passim</strong></span> <span class='ocrx_word' id='word_1_9' title='bbox 2212 541 2433 605; x_wconf 83' lang='lat' dir='ltr'><strong>scribit</strong></span> <span class='ocrx_word' id='word_1_10' title='bbox 2480 540 2677 605; x_wconf 79' lang='lat' dir='ltr'><strong>etiam</strong></span> <span class='ocrx_word' id='word_1_11' title='bbox 2725 540 2795 603; x_wconf 91' lang='lat' dir='ltr'><strong><em>in</em></strong></span> <span class='ocrx_word' id='word_1_12' title='bbox 2838 536 3079 603; x_wconf 82' lang='lat' dir='ltr'><strong>leviore</strong></span> 
     </span>
     <span class='ocr_line' id='line_1_3' title="bbox 691 648 996 714; baseline -0.003 -1"><span class='ocrx_word' id='word_1_13' title='bbox 691 648 996 714; x_wconf 76' lang='lat' dir='ltr'>dissensu.</span> 
     </span>
    </p>

    <p class='ocr_par' dir='ltr' id='par_1_3' title="bbox 682 754 3077 1581">
     <span class='ocr_line' id='line_1_4' title="bbox 781 754 3077 835; baseline -0.001 -16"><span class='ocrx_word' id='word_1_14' title='bbox 781 754 987 835; x_wconf 76' lang='lat' dir='ltr'><strong><em>Quam</em></strong></span> <span class='ocrx_word' id='word_1_15' title='bbox 1034 754 1396 821; x_wconf 86' lang='lat' dir='ltr'><strong>Herodotus</strong></span> <span class='ocrx_word' id='word_1_16' title='bbox 1442 755 1682 822; x_wconf 78' lang='lat' dir='ltr'><strong>famam</strong></span> <span class='ocrx_word' id='word_1_17' title='bbox 1733 758 2192 821; x_wconf 78' lang='lat' dir='ltr'><strong>commemorat</strong></span> <span class='ocrx_word' id='word_1_18' title='bbox 2236 758 2422 820; x_wconf 82' lang='lat' dir='ltr'><strong>vetus</strong></span> <span class='ocrx_word' id='word_1_19' title='bbox 2470 758 2605 818; x_wconf 80' lang='lat' dir='ltr'><strong>eret</strong></span> <span class='ocrx_word' id='word_1_20' title='bbox 2652 756 2719 819; x_wconf 91' lang='lat' dir='ltr'><strong><em>et</em></strong></span> <span class='ocrx_word' id='word_1_21' title='bbox 2763 756 3077 818; x_wconf 74' lang='lat' dir='ltr'><strong>constans.</strong></span> 
     </span>
     <span class='ocr_line' id='line_1_5' title="bbox 689 854 3077 946; baseline -0.002 -19"><span class='ocrx_word' id='word_1_22' title='bbox 689 859 1114 946; x_wconf 84' lang='lat' dir='ltr'><strong>Apollodorus</strong></span> <span class='ocrx_word' id='word_1_23' title='bbox 1176 863 1244 926; x_wconf 87' lang='lat' dir='ltr'><strong><em>in</em></strong></span> <span class='ocrx_word' id='word_1_24' title='bbox 1307 862 1600 926; x_wconf 75' lang='lat' dir='ltr'><strong><em>Biblioth.</em></strong></span> <span class='ocrx_word' id='word_1_25' title='bbox 1667 862 1759 927; x_wconf 91' lang='lat' dir='ltr'><strong><em>II.</em></strong></span> <span class='ocrx_word' id='word_1_26' title='bbox 1829 862 1890 925; x_wconf 86' lang='lat'><strong><em>5.</em></strong></span> <span class='ocrx_word' id='word_1_27' title='bbox 1962 859 2081 926; x_wconf 86' lang='lat'><strong><em>10:</em></strong></span> <span class='ocrx_word' id='word_1_28' title='bbox 2148 860 2401 925; x_wconf 75' lang='grc' dir='ltr'><strong><em>δέκατον</em></strong></span> <span class='ocrx_word' id='word_1_29' title='bbox 2446 861 2509 925; x_wconf 76' lang='grc' dir='ltr'><strong><em>δὲ</em></strong></span> <span class='ocrx_word' id='word_1_30' title='bbox 2557 858 2841 937; x_wconf 73' lang='grc' dir='ltr'><strong><em>ἐπετάγη</em></strong></span> <span class='ocrx_word' id='word_1_31' title='bbox 2892 854 3077 923; x_wconf 82' lang='grc' dir='ltr'><strong><em>άθλον</em></strong></span> 
     </span>
     <span class='ocr_line' id='line_1_6' title="bbox 687 960 3076 1049; baseline -0 -18"><span class='ocrx_word' id='word_1_32' title='bbox 687 968 803 1039; x_wconf 78' lang='grc' dir='ltr'><strong><em>τοὶς</em></strong></span> <span class='ocrx_word' id='word_1_33' title='bbox 855 968 1142 1047; x_wconf 77' lang='grc' dir='ltr'><strong><em>Γηρυόνου</em></strong></span> <span class='ocrx_word' id='word_1_34' title='bbox 1189 966 1348 1045; x_wconf 80' lang='grc' dir='ltr'><strong><em>βόας</em></strong></span> <span class='ocrx_word' id='word_1_35' title='bbox 1399 966 1468 1043; x_wconf 73' lang='grc' dir='ltr'><strong><em>ἐξ</em></strong></span> <span class='ocrx_word' id='word_1_36' title='bbox 1519 966 1834 1046; x_wconf 73' lang='grc' dir='ltr'><strong><em>Ἐρυθείας</em></strong></span> <span class='ocrx_word' id='word_1_37' title='bbox 1879 966 2169 1049; x_wconf 78' lang='grc' dir='ltr'><strong><em>κομίζειν.</em></strong></span> <span class='ocrx_word' id='word_1_38' title='bbox 2222 966 2503 1047; x_wconf 82' lang='grc' dir='ltr'><strong><em>Ἐρύθεια</em></strong></span> <span class='ocrx_word' id='word_1_39' title='bbox 2542 966 2604 1031; x_wconf 77' lang='grc' dir='ltr'><strong><em>δὲ</em></strong></span> <span class='ocrx_word' id='word_1_40' title='bbox 2650 960 2717 1039; x_wconf 77' lang='grc' dir='ltr'><strong><em>ἦν</em></strong></span> <span class='ocrx_word' id='word_1_41' title='bbox 2759 964 3076 1031; x_wconf 81' lang='grc' dir='ltr'><strong><em>Ὠκεανοῦ</em></strong></span> 
     </span>
     <span class='ocr_line' id='line_1_7' title="bbox 687 1070 3076 1155; baseline -0.002 -16"><span class='ocrx_word' id='word_1_42' title='bbox 687 1074 946 1148; x_wconf 75' lang='grc' dir='ltr'><strong><em>πλησίον</em></strong></span> <span class='ocrx_word' id='word_1_43' title='bbox 1006 1074 1252 1151; x_wconf 77' lang='grc' dir='ltr'><strong><em>κειμένη</em></strong></span> <span class='ocrx_word' id='word_1_44' title='bbox 1294 1082 1504 1151; x_wconf 75' lang='grc' dir='ltr'><strong><em>νῆσος,</em></strong></span> <span class='ocrx_word' id='word_1_45' title='bbox 1550 1070 1584 1143; x_wconf 73' lang='grc' dir='ltr'>ἣ</span> <span class='ocrx_word' id='word_1_46' title='bbox 1627 1080 1731 1139; x_wconf 81' lang='grc' dir='ltr'><strong><em>νῦν</em></strong></span> <span class='ocrx_word' id='word_1_47' title='bbox 1772 1074 2032 1155; x_wconf 77' lang='grc' dir='ltr'><strong><em>Γάδειρα</em></strong></span> <span class='ocrx_word' id='word_1_48' title='bbox 2072 1082 2385 1139; x_wconf 80' lang='grc' dir='ltr'><strong><em>καλεῖται.</em></strong></span> <span class='ocrx_word' id='word_1_49' title='bbox 2438 1072 3076 1139; x_wconf 79' lang='lat' dir='ltr'><strong>Pseudo-Hecataeus</strong></span> 
     </span>
     <span class='ocr_line' id='line_1_8' title="bbox 685 1180 3076 1269; baseline -0.001 -24"><span class='ocrx_word' id='word_1_50' title='bbox 685 1181 1024 1246; x_wconf 76' lang='lat' dir='ltr'><strong>manifesto</strong></span> <span class='ocrx_word' id='word_1_51' title='bbox 1070 1202 1216 1246; x_wconf 88' lang='lat' dir='ltr'><strong><em>cum</em></strong></span> <span class='ocrx_word' id='word_1_52' title='bbox 1265 1181 1384 1247; x_wconf 81' lang='lat' dir='ltr'><strong><em>hac</em></strong></span> <span class='ocrx_word' id='word_1_53' title='bbox 1430 1186 1642 1247; x_wconf 82' lang='lat' dir='ltr'><strong>vetere</strong></span> <span class='ocrx_word' id='word_1_54' title='bbox 1687 1180 1907 1247; x_wconf 80' lang='lat' dir='ltr'><strong>fabula</strong></span> <span class='ocrx_word' id='word_1_55' title='bbox 1954 1187 2201 1269; x_wconf 78' lang='lat' dir='ltr'>pugnat</span> <span class='ocrx_word' id='word_1_56' title='bbox 2248 1187 2313 1245; x_wconf 88' lang='lat' dir='ltr'><strong><em>et</em></strong></span> <span class='ocrx_word' id='word_1_57' title='bbox 2358 1184 2495 1246; x_wconf 88' lang='lat' dir='ltr'><strong>sius</strong></span> <span class='ocrx_word' id='word_1_58' title='bbox 2542 1181 2741 1245; x_wconf 78' lang='lat' dir='ltr'><strong>oratio</strong></span> <span class='ocrx_word' id='word_1_59' title='bbox 2792 1184 2887 1243; x_wconf 88' lang='lat' dir='ltr'><strong><em>est</em></strong></span> <span class='ocrx_word' id='word_1_60' title='bbox 2930 1198 3076 1244; x_wconf 87' lang='lat' dir='ltr'><strong>con-</strong></span> 
     </span>
     <span class='ocr_line' id='line_1_9' title="bbox 683 1285 3072 1364; baseline -0.002 -12"><span class='ocrx_word' id='word_1_61' title='bbox 683 1295 782 1353; x_wconf 80' lang='lat' dir='ltr'><strong><em>tre</em></strong></span> <span class='ocrx_word' id='word_1_62' title='bbox 841 1287 1108 1353; x_wconf 87' lang='lat' dir='ltr'><strong>dicentis</strong></span> <span class='ocrx_word' id='word_1_63' title='bbox 1153 1293 1220 1354; x_wconf 88' lang='lat' dir='ltr'><strong><em>et</em></strong></span> <span class='ocrx_word' id='word_1_64' title='bbox 1268 1286 1532 1353; x_wconf 76' lang='lat' dir='ltr'><strong>alterius</strong></span> <span class='ocrx_word' id='word_1_65' title='bbox 1583 1292 1965 1354; x_wconf 78' lang='lat' dir='ltr'><strong>sententiam</strong></span> <span class='ocrx_word' id='word_1_66' title='bbox 2015 1288 2387 1355; x_wconf 77' lang='lat' dir='ltr'><strong>refutantis:</strong></span> <span class='ocrx_word' id='word_1_67' title='bbox 2438 1286 2604 1351; x_wconf 79' lang='grc' dir='ltr'><strong><em>οὐδέν</em></strong></span> <span class='ocrx_word' id='word_1_68' title='bbox 2646 1309 2706 1350; x_wconf 88' lang='grc' dir='ltr'><strong><em>τι</em></strong></span> <span class='ocrx_word' id='word_1_69' title='bbox 2755 1285 3072 1364; x_wconf 74' lang='grc' dir='ltr'><strong><em>προσήκειν</em></strong></span> 
     </span>
     <span class='ocr_line' id='line_1_10' title="bbox 687 1390 3073 1475; baseline -0.001 -18"><span class='ocrx_word' id='word_1_70' title='bbox 687 1432 769 1441; x_wconf 95' lang='grc'><strong>-</strong></span> <span class='ocrx_word' id='word_1_71' title='bbox 819 1392 997 1472; x_wconf 68' lang='grc' dir='ltr'><strong><em>λέγει</em></strong></span> <span class='ocrx_word' id='word_1_72' title='bbox 1060 1393 1192 1459; x_wconf 78' lang='grc' dir='ltr'><strong><em>οὐδὲ</em></strong></span> <span class='ocrx_word' id='word_1_73' title='bbox 1256 1394 1354 1458; x_wconf 78' lang='grc' dir='ltr'><strong><em>ἐπὶ</em></strong></span> <span class='ocrx_word' id='word_1_74' title='bbox 1421 1394 1595 1470; x_wconf 76' lang='grc' dir='ltr'><strong><em>νῆσόν</em></strong></span> <span class='ocrx_word' id='word_1_75' title='bbox 1639 1419 1779 1461; x_wconf 88' lang='grc' dir='ltr'><strong><em>τινα</em></strong></span> <span class='ocrx_word' id='word_1_76' title='bbox 1830 1402 2097 1470; x_wconf 77' lang='grc' dir='ltr'><strong><em>ςαλῆναι</em></strong></span> <span class='ocrx_word' id='word_1_77' title='bbox 2148 1391 2467 1475; x_wconf 83' lang='grc' dir='ltr'><strong><em>Ἡρακλέα</em></strong></span> <span class='ocrx_word' id='word_1_78' title='bbox 2513 1392 2689 1457; x_wconf 78' lang='grc' dir='ltr'><strong><em>άλλά</em></strong></span> <span class='ocrx_word' id='word_1_79' title='bbox 2739 1399 2848 1466; x_wconf 79' lang='grc' dir='ltr'><strong><em>τῆς</em></strong></span> <span class='ocrx_word' id='word_1_80' title='bbox 2902 1390 3073 1464; x_wconf 77' lang='grc' dir='ltr'><strong><em>ἠπεί-</em></strong></span> 
     </span>
     <span class='ocr_line' id='line_1_11' title="bbox 682 1500 963 1581; baseline 0 -16"><span class='ocrx_word' id='word_1_81' title='bbox 682 1524 783 1581; x_wconf 87' lang='grc' dir='ltr'><strong><em>ρου</em></strong></span> <span class='ocrx_word' id='word_1_82' title='bbox 832 1500 963 1565; x_wconf 79' lang='grc' dir='ltr'><strong><em>κτὲ.</em></strong></span> 
     </span>
    </p>

    <p class='ocr_par' dir='ltr' id='par_1_4' title="bbox 679 1603 3074 2759">
     <span class='ocr_line' id='line_1_12' title="bbox 773 1603 3073 1693; baseline -0.002 -21"><span class='ocrx_word' id='word_1_83' title='bbox 773 1606 1056 1691; x_wconf 85' lang='lat' dir='ltr'><strong>Scriptor</strong></span> <span class='ocrx_word' id='word_1_84' title='bbox 1117 1606 1262 1683; x_wconf 89' lang='lat' dir='ltr'><strong>ille,</strong></span> <span class='ocrx_word' id='word_1_85' title='bbox 1326 1608 1613 1693; x_wconf 90' lang='lat' dir='ltr'><strong>quisquis</strong></span> <span class='ocrx_word' id='word_1_86' title='bbox 1661 1612 1791 1685; x_wconf 85' lang='lat' dir='ltr'><strong>est,</strong></span> <span class='ocrx_word' id='word_1_87' title='bbox 1840 1610 2264 1673; x_wconf 77' lang='lat' dir='ltr'><strong>narrationem</strong></span> <span class='ocrx_word' id='word_1_88' title='bbox 2312 1605 2622 1672; x_wconf 83' lang='lat' dir='ltr'><strong>Herodoti</strong></span> <span class='ocrx_word' id='word_1_89' title='bbox 2673 1609 2887 1690; x_wconf 85' lang='lat' dir='ltr'><strong>aperte</strong></span> <span class='ocrx_word' id='word_1_90' title='bbox 2934 1603 3073 1669; x_wconf 87' lang='lat' dir='ltr'><strong>red-</strong></span> 
     </span>
     <span class='ocr_line' id='line_1_13' title="bbox 681 1704 3072 1802; baseline -0.002 -23"><span class='ocrx_word' id='word_1_91' title='bbox 681 1716 899 1802; x_wconf 77' lang='lat' dir='ltr'><strong>arguit</strong></span> <span class='ocrx_word' id='word_1_92' title='bbox 961 1719 1025 1779; x_wconf 88' lang='lat' dir='ltr'><strong><em>et</em></strong></span> <span class='ocrx_word' id='word_1_93' title='bbox 1089 1734 1165 1779; x_wconf 85' lang='lat' dir='ltr'><strong>ex</strong></span> <span class='ocrx_word' id='word_1_94' title='bbox 1212 1713 1466 1780; x_wconf 76' lang='lat' dir='ltr'><strong>fabulae</strong></span> <span class='ocrx_word' id='word_1_95' title='bbox 1513 1704 1860 1781; x_wconf 85' lang='lat' dir='ltr'><strong>involucris</strong></span> <span class='ocrx_word' id='word_1_96' title='bbox 1906 1718 2042 1781; x_wconf 83' lang='lat' dir='ltr'><strong>veri</strong></span> <span class='ocrx_word' id='word_1_97' title='bbox 2090 1715 2336 1799; x_wconf 78' lang='lat' dir='ltr'><strong>aliquid</strong></span> <span class='ocrx_word' id='word_1_98' title='bbox 2388 1720 2453 1778; x_wconf 87' lang='lat' dir='ltr'><strong><em>et</em></strong></span> <span class='ocrx_word' id='word_1_99' title='bbox 2498 1714 2657 1777; x_wconf 87' lang='lat' dir='ltr'><strong>certi</strong></span> <span class='ocrx_word' id='word_1_100' title='bbox 2706 1710 3072 1796; x_wconf 82' lang='lat' dir='ltr'><strong>exsculpere</strong></span> 
     </span>
     <span class='ocr_line' id='line_1_14' title="bbox 681 1815 3073 1907; baseline -0.002 -23"><span class='ocrx_word' id='word_1_101' title='bbox 681 1822 920 1907; x_wconf 79' lang='lat' dir='ltr'><strong>satagit</strong></span> <span class='ocrx_word' id='word_1_102' title='bbox 989 1819 1156 1904; x_wconf 91' lang='lat' dir='ltr'><strong><em>quod</em></strong></span> <span class='ocrx_word' id='word_1_103' title='bbox 1229 1841 1375 1884; x_wconf 89' lang='lat' dir='ltr'><strong><em>cum</em></strong></span> <span class='ocrx_word' id='word_1_104' title='bbox 1448 1842 1660 1886; x_wconf 87' lang='lat' dir='ltr'><strong>rerum</strong></span> <span class='ocrx_word' id='word_1_105' title='bbox 1736 1820 2199 1907; x_wconf 89' lang='lat' dir='ltr'><strong>hominumque</strong></span> <span class='ocrx_word' id='word_1_106' title='bbox 2268 1827 2494 1885; x_wconf 76' lang='lat' dir='ltr'><strong>natura</strong></span> <span class='ocrx_word' id='word_1_107' title='bbox 2554 1821 2893 1904; x_wconf 80' lang='lat' dir='ltr'><strong>congruat,</strong></span> <span class='ocrx_word' id='word_1_108' title='bbox 2962 1815 3073 1881; x_wconf 89' lang='lat' dir='ltr'><strong>sed</strong></span> 
     </span>
     <span class='ocr_line' id='line_1_15' title="bbox 682 1922 3074 2011; baseline -0.003 -20"><span class='ocrx_word' id='word_1_109' title='bbox 682 1925 838 1991; x_wconf 81' lang='lat' dir='ltr'><strong>haee</strong></span> <span class='ocrx_word' id='word_1_110' title='bbox 884 1946 1050 1991; x_wconf 76' lang='lat' dir='ltr'><strong>nova</strong></span> <span class='ocrx_word' id='word_1_111' title='bbox 1098 1928 1408 2011; x_wconf 72' lang='lat' dir='ltr'><strong>sapientis</strong></span> <span class='ocrx_word' id='word_1_112' title='bbox 1455 1928 1603 1992; x_wconf 84' lang='lat' dir='ltr'><strong>vivo</strong></span> <span class='ocrx_word' id='word_1_113' title='bbox 1651 1925 1977 1992; x_wconf 84' lang='lat' dir='ltr'><strong>Herodoto</strong></span> <span class='ocrx_word' id='word_1_114' title='bbox 2024 1927 2305 1993; x_wconf 90' lang='lat' dir='ltr'><strong>nondum</strong></span> <span class='ocrx_word' id='word_1_115' title='bbox 2357 1932 2492 1991; x_wconf 82' lang='lat' dir='ltr'><strong>erat</strong></span> <span class='ocrx_word' id='word_1_116' title='bbox 2536 1932 2705 1990; x_wconf 79' lang='lat' dir='ltr'><strong>nata.</strong></span> <span class='ocrx_word' id='word_1_117' title='bbox 2776 1922 3074 1989; x_wconf 78' lang='lat' dir='ltr'><strong>Suaviter</strong></span> 
     </span>
     <span class='ocr_line' id='line_1_16' title="bbox 681 2029 3070 2119; baseline -0.001 -24"><span class='ocrx_word' id='word_1_118' title='bbox 681 2032 836 2097; x_wconf 79' lang='lat' dir='ltr'><strong>haec</strong></span> <span class='ocrx_word' id='word_1_119' title='bbox 881 2032 1256 2111; x_wconf 84' lang='grc' dir='ltr'><strong><em>σοφίσματα</em></strong></span> <span class='ocrx_word' id='word_1_120' title='bbox 1305 2032 1469 2097; x_wconf 84' lang='lat' dir='ltr'><strong>ridet</strong></span> <span class='ocrx_word' id='word_1_121' title='bbox 1515 2032 1701 2097; x_wconf 82' lang='lat' dir='ltr'><strong>Plato</strong></span> <span class='ocrx_word' id='word_1_122' title='bbox 1748 2035 1815 2097; x_wconf 89' lang='lat' dir='ltr'><strong><em>in</em></strong></span> <span class='ocrx_word' id='word_1_123' title='bbox 1857 2033 2130 2097; x_wconf 77' lang='lat' dir='ltr'><strong>Phaedro</strong></span> <span class='ocrx_word' id='word_1_124' title='bbox 2174 2054 2317 2119; x_wconf 78' lang='lat' dir='ltr'>pag.</span> <span class='ocrx_word' id='word_1_125' title='bbox 2364 2030 2517 2097; x_wconf 80' lang='lat'>229.</span> <span class='ocrx_word' id='word_1_126' title='bbox 2560 2054 2611 2095; x_wconf 80' lang='grc' dir='ltr'><strong><em>ο.</em></strong></span> <span class='ocrx_word' id='word_1_127' title='bbox 2652 2030 2761 2095; x_wconf 86' lang='lat' dir='ltr'><strong>sed</strong></span> <span class='ocrx_word' id='word_1_128' title='bbox 2786 2029 3070 2093; x_wconf 86' lang='lat' dir='ltr'><strong>multum</strong></span> 
     </span>
     <span class='ocr_line' id='line_1_17' title="bbox 679 2136 3074 2219; baseline -0.002 -17"><span class='ocrx_word' id='word_1_129' title='bbox 679 2140 764 2203; x_wconf 82' lang='lat' dir='ltr'><strong><em>iis</em></strong></span> <span class='ocrx_word' id='word_1_130' title='bbox 829 2138 1060 2203; x_wconf 80' lang='lat' dir='ltr'><strong><em>tribuit</em></strong></span> <span class='ocrx_word' id='word_1_131' title='bbox 1109 2141 1413 2204; x_wconf 76' lang='lat' dir='ltr'><strong><em>Arrianus</em></strong></span> <span class='ocrx_word' id='word_1_132' title='bbox 1459 2138 1619 2203; x_wconf 87' lang='lat' dir='ltr'><strong>l.l.:</strong></span> <span class='ocrx_word' id='word_1_133' title='bbox 1673 2140 1735 2211; x_wconf 80' lang='grc' dir='ltr'><strong><em>ἐς</em></strong></span> <span class='ocrx_word' id='word_1_134' title='bbox 1786 2140 2099 2219; x_wconf 75' lang='grc' dir='ltr'><strong><em>Εὐρυσθέα</em></strong></span> <span class='ocrx_word' id='word_1_135' title='bbox 2147 2146 2263 2203; x_wconf 83' lang='grc' dir='ltr'><strong><em>τῶν</em></strong></span> <span class='ocrx_word' id='word_1_136' title='bbox 2310 2138 2423 2215; x_wconf 80' lang='grc' dir='ltr'><strong><em>μὲν</em></strong></span> <span class='ocrx_word' id='word_1_137' title='bbox 2472 2136 2539 2216; x_wconf 73' lang='grc' dir='ltr'><strong><em>ἐξ</em></strong></span> <span class='ocrx_word' id='word_1_138' title='bbox 2584 2137 2867 2216; x_wconf 78' lang='grc' dir='ltr'><strong><em>Ἠπείρου</em></strong></span> <span class='ocrx_word' id='word_1_139' title='bbox 2912 2136 3074 2215; x_wconf 83' lang='grc' dir='ltr'><strong><em>βοῶν</em></strong></span> 
     </span>
     <span class='ocr_line' id='line_1_18' title="bbox 684 2242 3073 2326; baseline -0 -18"><span class='ocrx_word' id='word_1_140' title='bbox 684 2243 858 2317; x_wconf 80' lang='grc' dir='ltr'><strong><em>κλέος</em></strong></span> <span class='ocrx_word' id='word_1_141' title='bbox 924 2246 1202 2326; x_wconf 80' lang='grc' dir='ltr'><strong><em>άφῑχθαι</em></strong></span> <span class='ocrx_word' id='word_1_142' title='bbox 1269 2245 1374 2309; x_wconf 78' lang='grc' dir='ltr'><strong><em>κα)</em></strong></span> <span class='ocrx_word' id='word_1_143' title='bbox 1438 2251 1543 2310; x_wconf 83' lang='grc' dir='ltr'><strong><em>τοῦ</em></strong></span> <span class='ocrx_word' id='word_1_144' title='bbox 1593 2246 1907 2323; x_wconf 83' lang='grc' dir='ltr'><strong><em>βασιλέως</em></strong></span> <span class='ocrx_word' id='word_1_145' title='bbox 1959 2256 2069 2321; x_wconf 75' lang='grc' dir='ltr'><strong><em>τῆς</em></strong></span> <span class='ocrx_word' id='word_1_146' title='bbox 2122 2248 2402 2326; x_wconf 88' lang='grc' dir='ltr'><strong><em>Ἠπείρου</em></strong></span> <span class='ocrx_word' id='word_1_147' title='bbox 2452 2248 2522 2309; x_wconf 83' lang='grc' dir='ltr'><strong><em>τὸ</em></strong></span> <span class='ocrx_word' id='word_1_148' title='bbox 2568 2242 2761 2323; x_wconf 75' lang='grc' dir='ltr'><strong><em>ὄνομα</em></strong></span> <span class='ocrx_word' id='word_1_149' title='bbox 2807 2246 2910 2309; x_wconf 81' lang='grc' dir='ltr'><strong><em>τὸν</em></strong></span> <span class='ocrx_word' id='word_1_150' title='bbox 2956 2252 3073 2319; x_wconf 90' lang='grc' dir='ltr'><strong><em>Γη-</em></strong></span> 
     </span>
     <span class='ocr_line' id='line_1_19' title="bbox 684 2350 3069 2438; baseline 0 -23"><span class='ocrx_word' id='word_1_151' title='bbox 684 2350 895 2429; x_wconf 81' lang='grc' dir='ltr'><strong><em>ρυόνην</em></strong></span> <span class='ocrx_word' id='word_1_152' title='bbox 942 2352 1047 2416; x_wconf 87' lang='grc' dir='ltr'><strong><em>οὐκ</em></strong></span> <span class='ocrx_word' id='word_1_153' title='bbox 1099 2350 1210 2427; x_wconf 78' lang='grc' dir='ltr'><strong><em>ἔξω</em></strong></span> <span class='ocrx_word' id='word_1_154' title='bbox 1259 2358 1368 2417; x_wconf 81' lang='grc' dir='ltr'><strong><em>τοῦ</em></strong></span> <span class='ocrx_word' id='word_1_155' title='bbox 1418 2350 1647 2421; x_wconf 75' lang='grc' dir='ltr'><strong><em>εἰκότος</em></strong></span> <span class='ocrx_word' id='word_1_156' title='bbox 1697 2355 1986 2438; x_wconf 78' lang='grc' dir='ltr'><strong><em>τίθεμαι,</em></strong></span> <span class='ocrx_word' id='word_1_157' title='bbox 2034 2361 2151 2419; x_wconf 82' lang='grc' dir='ltr'><strong><em>τῶν</em></strong></span> <span class='ocrx_word' id='word_1_158' title='bbox 2195 2354 2257 2418; x_wconf 77' lang='grc' dir='ltr'><strong><em>δὲ</em></strong></span> <span class='ocrx_word' id='word_1_159' title='bbox 2298 2353 2587 2434; x_wconf 78' lang='grc' dir='ltr'><strong><em>ἐσχάτων</em></strong></span> <span class='ocrx_word' id='word_1_160' title='bbox 2624 2360 2732 2427; x_wconf 77' lang='grc' dir='ltr'><strong><em>τῆς</em></strong></span> <span class='ocrx_word' id='word_1_161' title='bbox 2776 2352 3069 2430; x_wconf 81' lang='grc' dir='ltr'><strong><em>Εὐρώπης</em></strong></span> 
     </span>
     <span class='ocr_line' id='line_1_20' title="bbox 681 2456 3071 2538; baseline 0 -17"><span class='ocrx_word' id='word_1_162' title='bbox 681 2456 935 2535; x_wconf 72' lang='grc' dir='ltr'><strong><em>Ἰβήρων</em></strong></span> <span class='ocrx_word' id='word_1_163' title='bbox 995 2458 1124 2524; x_wconf 79' lang='grc' dir='ltr'><strong><em>οὔτ’</em></strong></span> <span class='ocrx_word' id='word_1_164' title='bbox 1189 2458 1266 2523; x_wconf 74' lang='grc' dir='ltr'><strong><em>ἂν</em></strong></span> <span class='ocrx_word' id='word_1_165' title='bbox 1328 2465 1435 2525; x_wconf 80' lang='grc' dir='ltr'><strong><em>τοῦ</em></strong></span> <span class='ocrx_word' id='word_1_166' title='bbox 1490 2459 1806 2537; x_wconf 83' lang='grc' dir='ltr'><strong><em>βασιλέως</em></strong></span> <span class='ocrx_word' id='word_1_167' title='bbox 1858 2459 1928 2523; x_wconf 80' lang='grc' dir='ltr'><strong><em>τὸ</em></strong></span> <span class='ocrx_word' id='word_1_168' title='bbox 1975 2459 2163 2538; x_wconf 76' lang='grc' dir='ltr'><strong><em>ὄνομα</em></strong></span> <span class='ocrx_word' id='word_1_169' title='bbox 2210 2460 2526 2537; x_wconf 75' lang='grc' dir='ltr'><strong><em>γινώσκειν</em></strong></span> <span class='ocrx_word' id='word_1_170' title='bbox 2572 2458 2881 2537; x_wconf 79' lang='grc' dir='ltr'><strong><em>Εὐρυσθέα</em></strong></span> <span class='ocrx_word' id='word_1_171' title='bbox 2931 2456 3071 2523; x_wconf 80' lang='grc' dir='ltr'><strong><em>οὔτε</em></strong></span> 
     </span>
     <span class='ocr_line' id='line_1_21' title="bbox 684 2563 3071 2651; baseline 0.001 -23"><span class='ocrx_word' id='word_1_172' title='bbox 684 2564 734 2629; x_wconf 83' lang='grc' dir='ltr'><strong><em>εί</em></strong></span> <span class='ocrx_word' id='word_1_173' title='bbox 806 2563 958 2643; x_wconf 83' lang='grc' dir='ltr'><strong><em>βοῦς</em></strong></span> <span class='ocrx_word' id='word_1_174' title='bbox 1032 2565 1223 2632; x_wconf 77' lang='grc' dir='ltr'><strong><em>καλαὶ</em></strong></span> <span class='ocrx_word' id='word_1_175' title='bbox 1293 2566 1352 2630; x_wconf 77' lang='grc' dir='ltr'><strong><em>ἐν</em></strong></span> <span class='ocrx_word' id='word_1_176' title='bbox 1416 2567 1618 2648; x_wconf 66' lang='grc' dir='ltr'><strong><em>ταύτῃ</em></strong></span> <span class='ocrx_word' id='word_1_177' title='bbox 1679 2576 1757 2648; x_wconf 69' lang='grc' dir='ltr'><strong><em>τῇ</em></strong></span> <span class='ocrx_word' id='word_1_178' title='bbox 1800 2565 1999 2651; x_wconf 70' lang='grc' dir='ltr'><strong><em>’χώρα</em></strong></span> <span class='ocrx_word' id='word_1_179' title='bbox 2046 2567 2352 2644; x_wconf 90' lang='grc' dir='ltr'><strong><em>νέμονται.</em></strong></span> <span class='ocrx_word' id='word_1_180' title='bbox 2446 2566 2609 2632; x_wconf 84' lang='lat' dir='ltr'><strong>Sunt</strong></span> <span class='ocrx_word' id='word_1_181' title='bbox 2656 2566 2811 2632; x_wconf 76' lang='lat' dir='ltr'><strong>haec</strong></span> <span class='ocrx_word' id='word_1_182' title='bbox 2857 2566 3071 2631; x_wconf 75' lang='lat' dir='ltr'><strong>omnia</strong></span> 
     </span>
     <span class='ocr_line' id='line_1_22' title="bbox 683 2672 3001 2759; baseline 0 -22"><span class='ocrx_word' id='word_1_183' title='bbox 683 2675 866 2758; x_wconf 78' lang='lat' dir='ltr'><strong>pravi</strong></span> <span class='ocrx_word' id='word_1_184' title='bbox 921 2676 1235 2739; x_wconf 81' lang='lat' dir='ltr'><strong><em>acuminis</em></strong></span> <span class='ocrx_word' id='word_1_185' title='bbox 1281 2681 1346 2739; x_wconf 89' lang='lat' dir='ltr'><strong><em>et</em></strong></span> <span class='ocrx_word' id='word_1_186' title='bbox 1393 2676 1471 2740; x_wconf 79' lang='lat' dir='ltr'><strong><em>ab</em></strong></span> <span class='ocrx_word' id='word_1_187' title='bbox 1521 2675 1831 2743; x_wconf 85' lang='lat' dir='ltr'><strong>Herodoti</strong></span> <span class='ocrx_word' id='word_1_188' title='bbox 1880 2674 2293 2759; x_wconf 83' lang='lat' dir='ltr'><strong>simplicitate</strong></span> <span class='ocrx_word' id='word_1_189' title='bbox 2338 2680 2471 2740; x_wconf 85' lang='lat' dir='ltr'><strong>toto</strong></span> <span class='ocrx_word' id='word_1_190' title='bbox 2518 2672 2689 2738; x_wconf 77' lang='lat' dir='ltr'><strong>caelo</strong></span> <span class='ocrx_word' id='word_1_191' title='bbox 2737 2673 3001 2738; x_wconf 78' lang='lat' dir='ltr'><strong>diversa.</strong></span> 
     </span>
    </p>

    <p class='ocr_par' dir='ltr' id='par_1_5' title="bbox 684 2778 3068 2968">
     <span class='ocr_line' id='line_1_23' title="bbox 771 2778 3068 2866; baseline 0 -23"><span class='ocrx_word' id='word_1_192' title='bbox 771 2778 845 2844; x_wconf 94' lang='lat' dir='ltr'><strong><em>In</em></strong></span> <span class='ocrx_word' id='word_1_193' title='bbox 915 2778 1036 2847; x_wconf 87' lang='lat' dir='ltr'><strong>fine</strong></span> <span class='ocrx_word' id='word_1_194' title='bbox 1105 2780 1228 2846; x_wconf 89' lang='lat' dir='ltr'><strong>loci</strong></span> <span class='ocrx_word' id='word_1_195' title='bbox 1290 2802 1368 2846; x_wconf 83' lang='lat' dir='ltr'><strong>ex</strong></span> <span class='ocrx_word' id='word_1_196' title='bbox 1432 2779 1661 2846; x_wconf 89' lang='lat' dir='ltr'><strong>Codice</strong></span> <span class='ocrx_word' id='word_1_197' title='bbox 1726 2779 2013 2845; x_wconf 79' lang='lat' dir='ltr'><strong>Romano</strong></span> <span class='ocrx_word' id='word_1_198' title='bbox 2074 2781 2505 2866; x_wconf 88' lang='lat' dir='ltr'><strong>recipiendum</strong></span> <span class='ocrx_word' id='word_1_199' title='bbox 2572 2779 2898 2859; x_wconf 73' lang='grc' dir='ltr'><strong><em>Γηδείροισι</em></strong></span> <span class='ocrx_word' id='word_1_200' title='bbox 2956 2799 3068 2863; x_wconf 86' lang='lat' dir='ltr'><strong><em>pro</em></strong></span> 
     </span>
     <span class='ocr_line' id='line_1_24' title="bbox 684 2885 1045 2968; baseline 0 -18"><span class='ocrx_word' id='word_1_201' title='bbox 684 2885 1045 2968; x_wconf 79' lang='grc' dir='ltr'><strong><em>Γαδείροισι.</em></strong></span> 
     </span>
    </p>
   </div>
   <div class='ocr_carea' id='block_1_3' title="bbox 673 3098 3067 4144">
    <p class='ocr_par' dir='ltr' id='par_1_6' title="bbox 678 3098 3067 3390">
     <span class='ocr_line' id='line_1_25' title="bbox 770 3098 3067 3180; baseline 0 -16"><span class='ocrx_word' id='word_1_202' title='bbox 770 3098 878 3166; x_wconf 87' lang='lat' dir='ltr'><strong><em>IV.</em></strong></span> <span class='ocrx_word' id='word_1_203' title='bbox 929 3099 1008 3164; x_wconf 87' lang='lat'><strong><em>8:</em></strong></span> <span class='ocrx_word' id='word_1_204' title='bbox 1075 3099 1344 3164; x_wconf 78' lang='grc' dir='ltr'><strong><em>ἐνθεῦτεν</em></strong></span> <span class='ocrx_word' id='word_1_205' title='bbox 1403 3100 1506 3165; x_wconf 80' lang='grc' dir='ltr'><strong><em>τὸν</em></strong></span> <span class='ocrx_word' id='word_1_206' title='bbox 1575 3099 1895 3180; x_wconf 86' lang='grc' dir='ltr'><strong><em>Ἡρακλέα</em></strong></span> <span class='ocrx_word' id='word_1_207' title='bbox 1953 3100 2287 3168; x_wconf 84' lang='grc' dir='ltr'><strong><em>άπικέσθαι</em></strong></span> <span class='ocrx_word' id='word_1_208' title='bbox 2351 3102 2410 3173; x_wconf 78' lang='grc' dir='ltr'><strong><em>ἐς</em></strong></span> <span class='ocrx_word' id='word_1_209' title='bbox 2470 3102 2577 3175; x_wconf 74' lang='grc' dir='ltr'><strong><em>την</em></strong></span> <span class='ocrx_word' id='word_1_210' title='bbox 2644 3107 2743 3166; x_wconf 82' lang='grc' dir='ltr'><strong><em>νῦν</em></strong></span> <span class='ocrx_word' id='word_1_211' title='bbox 2807 3100 3067 3174; x_wconf 76' lang='grc' dir='ltr'><strong><em>Σκυθίην</em></strong></span> 
     </span>
     <span class='ocr_line' id='line_1_26' title="bbox 678 3205 3066 3290; baseline 0.001 -22"><span class='ocrx_word' id='word_1_212' title='bbox 678 3205 882 3285; x_wconf 80' lang='grc' dir='ltr'><strong><em>χώρην</em></strong></span> <span class='ocrx_word' id='word_1_213' title='bbox 948 3205 1324 3281; x_wconf 76' lang='grc' dir='ltr'><strong><em>καλεομένην</em></strong></span> <span class='ocrx_word' id='word_1_214' title='bbox 1386 3205 1550 3290; x_wconf 75' lang='grc' dir='ltr'><strong><em>[καὶ]</em></strong></span> <span class='ocrx_word' id='word_1_215' title='bbox 1619 3207 2019 3284; x_wconf 77' lang='grc' dir='ltr'><strong><em>καταλαβεῖν</em></strong></span> <span class='ocrx_word' id='word_1_216' title='bbox 2084 3208 2210 3286; x_wconf 66' lang='grc' dir='ltr'><strong><em>γὰρ</em></strong></span> <span class='ocrx_word' id='word_1_217' title='bbox 2274 3207 2461 3272; x_wconf 81' lang='grc' dir='ltr'><strong><em>αὐτὸν</em></strong></span> <span class='ocrx_word' id='word_1_218' title='bbox 2509 3207 2797 3287; x_wconf 81' lang='grc' dir='ltr'><strong><em>χειμῶνά</em></strong></span> <span class='ocrx_word' id='word_1_219' title='bbox 2842 3232 2910 3273; x_wconf 89' lang='grc' dir='ltr'><strong><em>τε</em></strong></span> <span class='ocrx_word' id='word_1_220' title='bbox 2962 3208 3066 3273; x_wconf 80' lang='grc' dir='ltr'><strong><em>καὶ</em></strong></span> 
     </span>
     <span class='ocr_line' id='line_1_27' title="bbox 679 3311 2414 3390; baseline 0.003 -17"><span class='ocrx_word' id='word_1_221' title='bbox 679 3311 940 3388; x_wconf 80' lang='grc' dir='ltr'><strong><em>κρυμόν,</em></strong></span> <span class='ocrx_word' id='word_1_222' title='bbox 991 3311 1462 3390; x_wconf 69' lang='grc' dir='ltr'><strong><em>ἐπειρυσάμενον</em></strong></span> <span class='ocrx_word' id='word_1_223' title='bbox 1509 3312 1621 3388; x_wconf 69' lang='grc' dir='ltr'><strong><em>τὴν</em></strong></span> <span class='ocrx_word' id='word_1_224' title='bbox 1667 3315 1947 3387; x_wconf 83' lang='grc' dir='ltr'><strong><em>λεοντέην</em></strong></span> <span class='ocrx_word' id='word_1_225' title='bbox 1996 3318 2414 3379; x_wconf 78' lang='grc' dir='ltr'><strong><em>κατυπνῶσαι.</em></strong></span> 
     </span>
    </p>

    <p class='ocr_par' dir='ltr' id='par_1_7' title="bbox 673 3416 3066 4144">
     <span class='ocr_line' id='line_1_28' title="bbox 769 3416 3066 3498; baseline 0.002 -18"><span class='ocrx_word' id='word_1_226' title='bbox 769 3416 842 3480; x_wconf 93' lang='lat' dir='ltr'><strong><em>In</em></strong></span> <span class='ocrx_word' id='word_1_227' title='bbox 903 3417 966 3482; x_wconf 82' lang='lat' dir='ltr'>R</span> <span class='ocrx_word' id='word_1_228' title='bbox 1025 3423 1122 3482; x_wconf 90' lang='lat' dir='ltr'><strong><em>est</em></strong></span> <span class='ocrx_word' id='word_1_229' title='bbox 1181 3420 1258 3488; x_wconf 81' lang='grc' dir='ltr'><strong><em>ὧς</em></strong></span> <span class='ocrx_word' id='word_1_230' title='bbox 1321 3419 1671 3484; x_wconf 68' lang='grc' dir='ltr'><strong><em>ἀπικέσθαι.</em></strong></span> <span class='ocrx_word' id='word_1_231' title='bbox 1768 3423 1933 3487; x_wconf 85' lang='lat' dir='ltr'><strong>Ante</strong></span> <span class='ocrx_word' id='word_1_232' title='bbox 1996 3422 2393 3498; x_wconf 78' lang='grc' dir='ltr'><strong><em>καταλαβεῖν</em></strong></span> <span class='ocrx_word' id='word_1_233' title='bbox 2460 3421 2624 3486; x_wconf 80' lang='lat' dir='ltr'><strong>male</strong></span> <span class='ocrx_word' id='word_1_234' title='bbox 2669 3421 2912 3487; x_wconf 88' lang='lat' dir='ltr'><strong>Herold</strong></span> <span class='ocrx_word' id='word_1_235' title='bbox 2958 3423 3066 3486; x_wconf 83' lang='grc' dir='ltr'><strong><em>καί</em></strong></span> 
     </span>
     <span class='ocr_line' id='line_1_29' title="bbox 677 3523 3061 3608; baseline 0.003 -20"><span class='ocrx_word' id='word_1_236' title='bbox 677 3524 962 3589; x_wconf 78' lang='lat' dir='ltr'><strong>inseruit.</strong></span> <span class='ocrx_word' id='word_1_237' title='bbox 1040 3523 1250 3590; x_wconf 64' lang='lat' dir='ltr'><strong>‘Recta’</strong></span> <span class='ocrx_word' id='word_1_238' title='bbox 1285 3529 1484 3591; x_wconf 75' lang='lat' dir='ltr'><strong>oratio</strong></span> <span class='ocrx_word' id='word_1_239' title='bbox 1530 3526 1684 3592; x_wconf 82' lang='lat' dir='ltr'><strong>haec</strong></span> <span class='ocrx_word' id='word_1_240' title='bbox 1734 3534 1862 3592; x_wconf 84' lang='lat' dir='ltr'><strong>est:</strong></span> <span class='ocrx_word' id='word_1_241' title='bbox 1912 3528 1940 3592; x_wconf 83' lang='grc' dir='ltr'><strong><em>ὂ</em></strong></span> <span class='ocrx_word' id='word_1_242' title='bbox 1990 3531 2328 3608; x_wconf 82' lang='grc' dir='ltr'><strong><em>Ἠρακλέης</em></strong></span> <span class='ocrx_word' id='word_1_243' title='bbox 2377 3531 2451 3601; x_wconf 77' lang='grc' dir='ltr'><strong><em>ὡς</em></strong></span> <span class='ocrx_word' id='word_1_244' title='bbox 2504 3531 2765 3594; x_wconf 79' lang='grc' dir='ltr'><strong><em>άπίκετο</em></strong></span> <span class='ocrx_word' id='word_1_245' title='bbox 2817 3568 2899 3578; x_wconf 89' lang='grc'><strong><em>--</em></strong></span> <span class='ocrx_word' id='word_1_246' title='bbox 2948 3552 3061 3594; x_wconf 85' lang='grc' dir='ltr'><strong><em>κα-</em></strong></span> 
     </span>
     <span class='ocr_line' id='line_1_30' title="bbox 678 3629 3061 3714; baseline 0.002 -20"><span class='ocrx_word' id='word_1_247' title='bbox 678 3631 1006 3705; x_wconf 85' lang='grc' dir='ltr'><strong><em>λεομένην·</em></strong></span> <span class='ocrx_word' id='word_1_248' title='bbox 1070 3629 1398 3708; x_wconf 85' lang='grc' dir='ltr'><strong><em>κατέλαβε</em></strong></span> <span class='ocrx_word' id='word_1_249' title='bbox 1446 3633 1572 3712; x_wconf 68' lang='grc' dir='ltr'><strong><em>γὰρ</em></strong></span> <span class='ocrx_word' id='word_1_250' title='bbox 1621 3631 1809 3697; x_wconf 85' lang='grc' dir='ltr'><strong><em>αὐτὸν</em></strong></span> <span class='ocrx_word' id='word_1_251' title='bbox 1855 3633 2095 3712; x_wconf 79' lang='grc' dir='ltr'><strong><em>χειμών</em></strong></span> <span class='ocrx_word' id='word_1_252' title='bbox 2151 3659 2221 3698; x_wconf 86' lang='grc' dir='ltr'><strong><em>τε</em></strong></span> <span class='ocrx_word' id='word_1_253' title='bbox 2268 3635 2372 3698; x_wconf 75' lang='grc' dir='ltr'><strong><em>καὶ</em></strong></span> <span class='ocrx_word' id='word_1_254' title='bbox 2424 3634 2685 3714; x_wconf 82' lang='grc' dir='ltr'><strong><em>κρυμός,</em></strong></span> <span class='ocrx_word' id='word_1_255' title='bbox 2738 3633 3061 3714; x_wconf 78' lang='grc' dir='ltr'><strong><em>ἐπειρυσά-</em></strong></span> 
     </span>
     <span class='ocr_line' id='line_1_31' title="bbox 677 3736 3061 3826; baseline 0.001 -26"><span class='ocrx_word' id='word_1_256' title='bbox 677 3759 854 3812; x_wconf 88' lang='grc' dir='ltr'><strong><em>μενος</em></strong></span> <span class='ocrx_word' id='word_1_257' title='bbox 917 3737 1028 3812; x_wconf 70' lang='grc' dir='ltr'><strong><em>τὴν</em></strong></span> <span class='ocrx_word' id='word_1_258' title='bbox 1090 3736 1373 3812; x_wconf 78' lang='grc' dir='ltr'><strong><em>λεοντέην</em></strong></span> <span class='ocrx_word' id='word_1_259' title='bbox 1434 3738 1821 3804; x_wconf 80' lang='grc' dir='ltr'><strong><em>κατύπνωσε.</em></strong></span> <span class='ocrx_word' id='word_1_260' title='bbox 1869 3739 2093 3826; x_wconf 79' lang='lat' dir='ltr'><strong>Itaque</strong></span> <span class='ocrx_word' id='word_1_261' title='bbox 2140 3739 2501 3805; x_wconf 87' lang='lat' dir='ltr'><strong>Herodotus</strong></span> <span class='ocrx_word' id='word_1_262' title='bbox 2549 3744 2913 3826; x_wconf 82' lang='lat' dir='ltr'><strong>scripserat:</strong></span> <span class='ocrx_word' id='word_1_263' title='bbox 2962 3741 3061 3804; x_wconf 84' lang='grc' dir='ltr'><strong><em>τὸν</em></strong></span> 
     </span>
     <span class='ocr_line' id='line_1_32' title="bbox 678 3843 3061 3925; baseline 0.003 -19"><span class='ocrx_word' id='word_1_264' title='bbox 678 3843 994 3923; x_wconf 78' lang='grc' dir='ltr'><strong><em>Ἡρακλέα</em></strong></span> <span class='ocrx_word' id='word_1_265' title='bbox 1057 3846 1200 3909; x_wconf 77' lang='grc' dir='ltr'><strong><em>ὨΟ</em></strong></span> <span class='ocrx_word' id='word_1_266' title='bbox 1262 3843 1591 3910; x_wconf 83' lang='grc' dir='ltr'><strong><em>άπικέσθαι</em></strong></span> <span class='ocrx_word' id='word_1_267' title='bbox 1641 3885 1724 3895; x_wconf 93' lang='grc'>-</span> <span class='ocrx_word' id='word_1_268' title='bbox 1775 3847 2187 3922; x_wconf 82' lang='grc' dir='ltr'><strong><em>καλεομένην·</em></strong></span> <span class='ocrx_word' id='word_1_269' title='bbox 2230 3846 2655 3923; x_wconf 75' lang='grc' dir='ltr'><strong><em>’καταλαβεῖν</em></strong></span> <span class='ocrx_word' id='word_1_270' title='bbox 2703 3849 2830 3925; x_wconf 72' lang='grc' dir='ltr'><strong><em>γὰρ</em></strong></span> <span class='ocrx_word' id='word_1_271' title='bbox 2876 3847 3061 3912; x_wconf 81' lang='grc' dir='ltr'><strong><em>αὐτὸν</em></strong></span> 
     </span>
     <span class='ocr_line' id='line_1_33' title="bbox 673 3950 3059 4037; baseline 0.002 -23"><span class='ocrx_word' id='word_1_272' title='bbox 673 3951 958 4030; x_wconf 80' lang='grc' dir='ltr'><strong><em>χειμῶνά</em></strong></span> <span class='ocrx_word' id='word_1_273' title='bbox 1026 3975 1096 4014; x_wconf 89' lang='grc' dir='ltr'><strong><em>τε</em></strong></span> <span class='ocrx_word' id='word_1_274' title='bbox 1159 3950 1263 4014; x_wconf 78' lang='grc' dir='ltr'><strong><em>κα)</em></strong></span> <span class='ocrx_word' id='word_1_275' title='bbox 1313 3951 1570 4030; x_wconf 83' lang='grc' dir='ltr'><strong><em>κρυμόν,</em></strong></span> <span class='ocrx_word' id='word_1_276' title='bbox 1624 3951 2093 4032; x_wconf 71' lang='grc' dir='ltr'><strong><em>ἐπειρυσάμενον</em></strong></span> <span class='ocrx_word' id='word_1_277' title='bbox 2140 3957 2249 4028; x_wconf 69' lang='grc' dir='ltr'><strong><em>την</em></strong></span> <span class='ocrx_word' id='word_1_278' title='bbox 2298 3955 2573 4029; x_wconf 78' lang='grc' dir='ltr'><strong><em>λεοντέην</em></strong></span> <span class='ocrx_word' id='word_1_279' title='bbox 2622 3961 3059 4037; x_wconf 82' lang='grc' dir='ltr'><strong><em>κατυπνῶσαι,</em></strong></span> 
     </span>
     <span class='ocr_line' id='line_1_34' title="bbox 674 4057 1899 4144; baseline 0.004 -23"><span class='ocrx_word' id='word_1_280' title='bbox 674 4057 1046 4144; x_wconf 80' lang='lat' dir='ltr'><strong>planissime</strong></span> <span class='ocrx_word' id='word_1_281' title='bbox 1090 4063 1166 4122; x_wconf 88' lang='lat' dir='ltr'><strong><em>ut</em></strong></span> <span class='ocrx_word' id='word_1_282' title='bbox 1210 4059 1278 4121; x_wconf 91' lang='lat' dir='ltr'><strong><em>in</em></strong></span> <span class='ocrx_word' id='word_1_283' title='bbox 1324 4057 1384 4122; x_wconf 85' lang='lat' dir='ltr'><strong>R</strong></span> <span class='ocrx_word' id='word_1_284' title='bbox 1430 4062 1737 4144; x_wconf 87' lang='lat' dir='ltr'><strong>scriptum</strong></span> <span class='ocrx_word' id='word_1_285' title='bbox 1790 4068 1899 4126; x_wconf 87' lang='lat' dir='ltr'><strong>est.</strong></span> 
     </span>
    </p>
   </div>
   <div class='ocr_carea' id='block_1_4' title="bbox 673 4270 3058 4578">
    <p class='ocr_par' dir='ltr' id='par_1_8' title="bbox 673 4270 3058 4578">
     <span class='ocr_line' id='line_1_35' title="bbox 764 4270 3057 4360; baseline 0.003 -23"><span class='ocrx_word' id='word_1_286' title='bbox 764 4270 873 4337; x_wconf 81' lang='lat' dir='ltr'><strong><em>IV.</em></strong></span> <span class='ocrx_word' id='word_1_287' title='bbox 924 4271 1003 4338; x_wconf 84' lang='lat'><strong><em>9:</em></strong></span> <span class='ocrx_word' id='word_1_288' title='bbox 1068 4273 1179 4347; x_wconf 68' lang='grc' dir='ltr'><strong><em>τὴν</em></strong></span> <span class='ocrx_word' id='word_1_289' title='bbox 1240 4273 1306 4339; x_wconf 78' lang='grc' dir='ltr'><strong><em>δὲ</em></strong></span> <span class='ocrx_word' id='word_1_290' title='bbox 1353 4270 1551 4356; x_wconf 84' lang='grc' dir='ltr'><strong><em>Φάναι</em></strong></span> <span class='ocrx_word' id='word_1_291' title='bbox 1607 4311 1688 4322; x_wconf 92' lang='lat'><strong><em>--</em></strong></span> <span class='ocrx_word' id='word_1_292' title='bbox 1737 4277 1844 4339; x_wconf 88' lang='grc' dir='ltr'><strong><em>οὐκ</em></strong></span> <span class='ocrx_word' id='word_1_293' title='bbox 1903 4277 2235 4342; x_wconf 77' lang='grc' dir='ltr'><strong><em>άποδώσειν</em></strong></span> <span class='ocrx_word' id='word_1_294' title='bbox 2285 4277 2486 4358; x_wconf 78' lang='grc' dir='ltr'><strong><em>ἐκείνῳ</em></strong></span> <span class='ocrx_word' id='word_1_295' title='bbox 2536 4277 2671 4358; x_wconf 71' lang='grc' dir='ltr'><strong><em>πρὶν</em></strong></span> <span class='ocrx_word' id='word_1_296' title='bbox 2720 4279 2755 4354; x_wconf 76' lang='grc' dir='ltr'><strong><em>ἥ</em></strong></span> <span class='ocrx_word' id='word_1_297' title='bbox 2798 4281 2851 4344; x_wconf 82' lang='grc' dir='ltr'><strong><em>οἱ</em></strong></span> <span class='ocrx_word' id='word_1_298' title='bbox 2897 4303 3057 4360; x_wconf 80' lang='grc' dir='ltr'><strong><em>μιχ-</em></strong></span> 
     </span>
     <span class='ocr_line' id='line_1_36' title="bbox 673 4379 862 4450; baseline 0.005 -8"><span class='ocrx_word' id='word_1_299' title='bbox 673 4379 862 4450; x_wconf 83' lang='grc' dir='ltr'><strong><em>θῆναι.</em></strong></span> 
     </span>
     <span class='ocr_line' id='line_1_37' title="bbox 763 4483 3058 4578; baseline 0.003 -26"><span class='ocrx_word' id='word_1_300' title='bbox 763 4483 838 4552; x_wconf 88' lang='lat' dir='ltr'><strong><em>In</em></strong></span> <span class='ocrx_word' id='word_1_301' title='bbox 910 4485 1022 4564; x_wconf 83' lang='lat' dir='ltr'><strong><em>AB</em></strong></span> <span class='ocrx_word' id='word_1_302' title='bbox 1093 4493 1189 4553; x_wconf 87' lang='lat' dir='ltr'><strong><em>est</em></strong></span> <span class='ocrx_word' id='word_1_303' title='bbox 1250 4488 1386 4569; x_wconf 85' lang='grc' dir='ltr'><strong><em>πρίν</em></strong></span> <span class='ocrx_word' id='word_1_304' title='bbox 1447 4489 1498 4554; x_wconf 74' lang='grc' dir='ltr'><strong><em>οἱ</em></strong></span> <span class='ocrx_word' id='word_1_305' title='bbox 1556 4490 1895 4568; x_wconf 76' lang='grc' dir='ltr'><strong><em>μιχθῆναι,</em></strong></span> <span class='ocrx_word' id='word_1_306' title='bbox 1962 4493 2031 4556; x_wconf 90' lang='lat' dir='ltr'><strong><em>in</em></strong></span> <span class='ocrx_word' id='word_1_307' title='bbox 2090 4491 2149 4557; x_wconf 86' lang='lat' dir='ltr'><strong>R</strong></span> <span class='ocrx_word' id='word_1_308' title='bbox 2212 4492 2345 4571; x_wconf 71' lang='grc' dir='ltr'><strong><em>πρὶν</em></strong></span> <span class='ocrx_word' id='word_1_309' title='bbox 2408 4492 2441 4567; x_wconf 74' lang='grc' dir='ltr'><strong><em>ἦ</em></strong></span> <span class='ocrx_word' id='word_1_310' title='bbox 2507 4495 2557 4556; x_wconf 78' lang='lat'><strong><em>01</em></strong></span> <span class='ocrx_word' id='word_1_311' title='bbox 2606 4495 2805 4578; x_wconf 73' lang='grc' dir='ltr'><strong><em>μιχθῇ</em></strong></span> <span class='ocrx_word' id='word_1_312' title='bbox 2856 4495 3058 4560; x_wconf 78' lang='lat' dir='ltr'><strong>etsie</strong></span> 
     </span>
    </p>
   </div>
  </div>
 </body>
</html>
