3414 5158
789 1159 938 1250 AD
995 1157 1550 1250 CICERONIS
1607 1157 2428 1292 PALIMPSESTQS.

1130 1381 1564 1468 (Continuam
1611 1404 1682 1446 ετ
1714 1404 1859 1467 pay.
1909 1379 2094 1468 291.)

1376 1709 1771 1748 ——,·-*-—
1815 1726 1830 1732 -

507 2005 608 2074 Ad
673 2005 961 2094 singulos
1022 2004 1194 2072 locos
1255 2025 1382 2070 non
1443 2008 1693 2071 tantum
1764 2006 1996 2071 notabo
2060 2025 2133 2070 ea
2195 2024 2357 2090 quae
2403 2002 2811 2070 librariorum

415 2113 668 2178 mendis
716 2117 1012 2198 corrupta
1057 2116 1207 2176 sunt
1233 2161 1249 2188 ,
1297 2111 1407 2176 sed
1454 2114 1650 2178 etiam
1697 2113 1753 2176 si
1802 2111 2176 2195 usuvmiat,
2226 2131 2387 2196 quae
2428 2111 2629 2196 ipsius
2662 2131 2812 2176 auc-

415 2219 570 2284 toris
617 2238 825 2284 errore
869 2219 1090 2284 minus
1133 2223 1304 2284 recte
1349 2239 1416 2284 se
1463 2218 1694 2283 habere
1742 2217 2041 2284 videntur
2060 2265 2075 2296 ‚
2126 2215 2307 2308 velut
2354 2216 2611 2282 statim:

511 2401 570 2467 1.
622 2402 724 2478 „N
728 2422 806 2467 on
854 2401 981 2468 duo
1027 2401 1351 2488 Scipiones
1397 2403 1604 2467 oriens
1648 2401 2012 2468 incendium
2065 2400 2221 2468 belli
2266 2401 2498 2468 Punici
2544 2402 2811 2470 secundi

415 2511 728 2597 sanguine
769 2529 884 2574 suo
929 2507 1434 2576 restinxissent.”
2832 2511 2835 2516 ’

504 2692 744 2760 Parum
807 2698 977 2761 recte
1037 2692 1194 2759 haec
1241 2693 1412 2760 dicta
1456 2698 1640 2771 sunt,
1691 2696 1873 2779 quasi
1912 2692 2038 2759 duo
2082 2690 2413 2780 Scipiones
2460 2696 2528 2760 in
2574 2695 2809 2782 Hispa-

413 2803 524 2867 nia
568 2802 759 2866 initio
804 2798 962 2865 belli
1006 2799 1236 2866 Punici
1279 2800 1540 2866 secundi
1589 2799 1961 2865 cecidissent
2007 2804 2153 2865 ante
2197 2820 2483 2887 pugnam
2522 2798 2809 2867 Cannen-

413 2926 551 2972 sem
615 2911 680 2971 et
741 2906 928 2972 Fabii
979 2906 1404 2971 dictaturam:
1450 2904 1524 2970 P.
1579 2911 1644 2971 et
1692 2903 1807 2969 On.
1858 2902 2139 2972 Cornelii
2185 2903 2511 2991 Scipiones
2559 2906 2809 2972 duobus

412 3012 543 3077 fere
613 3014 793 3077 annis
855 3015 998 3097 post
1057 3032 1345 3099 pugnam
1408 3008 1804 3078 Cannensem
1867 3011 1935 3076 in
1981 3010 2291 3097 Hispania
2352 3010 2556 3078 nobili
2600 3018 2809 3079 morte

412 3116 882 3194 inclaruerunt,
933 3138 1083 3183 cum
1128 3116 1202 3184 P.
1253 3118 1444 3183 initio
1492 3116 1648 3184 belli
1695 3116 1779 3183 ad
1823 3116 2123 3184 Ticinum
2164 3124 2229 3184 et
2267 3116 2567 3184 'l'rebiam
2596 3122 2809 3185 victus

415 3228 614 3299 esset,
661 3242 868 3311 neque
913 3222 1077 3289 alter
1117 3222 1540 3290 inclaruisset.

501 3406 600 3471 Ib.
676 3405 968 3484 „Omitto
1035 3405 1524 3473 innumerabilis
1589 3408 1763 3475 viros
1783 3455 1800 3487 ,
1850 3430 2093 3495 quorum
2138 3410 2367 3490 einyuli
2408 3408 2605 3475 saluti
2656 3409 2810 3476 huic

412 3514 666 3580 civitati
711 3513 1005 3598 fuerunt,
1052 3519 1119 3579 et
1163 3514 1314 3598 quia
1359 3517 1512 3579 sunt
1554 3508 1729 3581 haud
1776 3512 1997 3601 procul
2044 3516 2123 3580 ab
2170 3516 2397 3581 aetatis
2434 3516 2629 3581 huius
2668 3536 2806 3583 me-

410 3620 650 3705 moria,
700 3628 1200 3693 commemorare
1245 3639 1350 3687 eos
1397 3618 1648 3694 desino.
1701 3642 1783 3687 ne
1822 3622 1967 3707 quis
2008 3640 2076 3686 se
2101 3625 2213 3688 aut
2236 3642 2495 3687 suorum
2523 3620 2807 3709 aliquem

409 3728 930 3811 praetermissum
978 3725 1342 3812 queratur’'.

499 3832 724 3917 (Recte
765 3834 909 3918 quia
952 3853 1066 3918 pro
1111 3833 1254 3914 qui,
1301 3833 1469 3898 baud
1489 3835 1714 3917 procul
1756 3854 1871 3919 pro
1906 3836 2121 3918 procul
2164 3853 2333 3900 nunc
2372 3832 2627 3919 editur).
2680 3832 2807 3899 Ni-

407 3941 620 4005 mium
690 3938 808 4005 hoc
871 3944 968 4005 est
990 3988 1006 4017 ,
1072 3946 1148 4005 ut
1211 3942 1378 4005 inter
1437 3937 1733 4026 aequales
1796 3938 2120 4007 Ciceronis
2172 3940 2634 4005 innumerabilee
2681 3942 2809 4007 viri

400 4046 629 4128 einyuli
691 4045 886 4112 saluti
947 4047 1204 4141 civitati
1267 4044 1595 4112 Romanae
1656 4046 1935 4123 suerint3
1998 4048 2111 4114 vix
2159 4045 2435 4135 singulis
2482 4046 2801 4113 aetatibus

404 4151 648 4240 singuli
715 4151 892 4219 fuere
961 4158 1036 4217 ut
1104 4151 1342 4219 Fabius
1363 4198 1380 4231 ,
1455 4154 1569 4237 qui
1641 4174 1807 4219 unus
1876 4152 2226 4219 cunctando
2286 4154 2571 4218 restituit
2633 4172 2767 4219 rem
2786 4184 2805 4219 ι

401 4258 752 4337 Camillus,
802 4254 1019 4325 Cicero
1059 4260 1266 4344 ipsius
1295 4260 1680 4327 testimonio.
1730 4258 1813 4325 Et
1838 4264 2054 4327 tamen
2078 4258 2245 4324 illud
2268 4259 2425 4325 dicit
2450 4256 2671 4326 Cicero
2694 4306 2711 4343 ‚
2738 4264 2805 4325 et

405 4363 729 4444 „desinet”
769 4384 1264 4431 commemorare
1305 4384 1412 4431 eos
1451 4366 1622 4432 viros
1661 4364 2029 4453 (aequales),
2068 4386 2147 4433 ne
2170 4367 2314 4451 quis
2343 4364 2488 4443 „se”
2514 4370 2793 4451 praeter·

401 4472 671 4539 missum
713 4474 1034 4557 queratur.
1086 4468 1430 4537 Insolentia
1477 4472 1809 4539 iuncturae
1855 4494 2097 4559 quorun
2142 4472 2370 4556 simu
2410 4472 2803 4539 demonstrat
