3414 5158
1502 404 1743 452 oweno.
2715 381 2794 450 71

409 566 744 636 varietate.
804 569 1046 635 'I'amen
1092 571 1288 659 friget
1335 574 1810 657 comparativus
1856 572 2095 654 diynior
2144 575 2287 656 post
2332 570 2800 656 superlativum

416 679 480 740 et
538 695 764 761 parum
825 679 1052 762 gravia
1111 678 1266 744 haec
1327 678 1401 745 de
1451 679 1676 747 Flacco
1694 729 1713 762 ,
1764 701 1913 744 cum
1962 679 2117 744 alibi
2166 680 2235 742 in
2282 679 2632 762 praeconiis
2677 696 2804 742 non

417 781 502 846 sit
559 779 777 850 Cicero
823 783 1190 849 moderatus
1236 789 1301 850 et
1347 806 1594 870 parcus.
1689 784 2019 852 Sententia
2067 784 2349 870 postulat
2394 783 2559 848 fere:
2615 803 2802 860 „con-

413 888 669 952 iunctus
714 887 862 964 fuit,
915 889 994 955 ad
1036 891 1531 957 conservandam
1575 912 1710 957 rem
1759 891 2081 977 publicam
2129 887 2469 954 deviuotm’'
2514 887 2620 954 vel
2662 888 2803 964 „ob-

411 991 710 1058 strictus?
766 993 860 1060 Eo
907 996 1073 1080 quod
1123 995 1278 1062 olim
1327 995 1646 1063 Ciceronis
1691 1004 1903 1083 partes
1947 1003 2201 1062 secutus
2254 1002 2391 1062 erat
2408 1043 2424 1073 ‚
2474 998 2543 1060 in
2587 1015 2804 1080 perpe-

411 1103 602 1165 tuum
671 1100 852 1166 bonis
922 1102 1206 1180 favebat;
1281 1105 1646 1169 communio
1716 1103 1832 1168 illa
1900 1103 2308 1169 consiliorum
2370 1105 2603 1189 pignus
2668 1104 2805 1165 erat

411 1211 752 1291 perpetuae
815 1209 954 1274 eius
1013 1208 1384 1276 voluntatis.
1479 1208 1578 1275 De
1637 1211 1849 1276 verbis
1910 1212 2122 1298 magis
2182 1210 2441 1296 ambigo
2487 1227 2678 1292 quam
2725 1206 2801 1271 de

413 1315 726 1378 sententia
741 1359 760 1390 ,
825 1335 1021 1400 paene
1082 1315 1460 1381 crediderim
1521 1335 1647 1380 non
1712 1315 2097 1382 haerendum
2148 1335 2282 1380 esse
2325 1317 2395 1378 in
2438 1313 2801 1379 litterarum

414 1415 712 1484 ductibus
735 1467 752 1496 ,
822 1440 967 1485 cum
1031 1422 1267 1502 diqnior
1315 1421 1393 1486 ad
1441 1419 1652 1486 locum
1700 1420 1987 1487 lacerum
2032 1419 2419 1506 explendum
2465 1419 2801 1485 undeunde

414 1520 572 1588 olim
617 1525 706 1589 sit
754 1528 1148 1592 arcessitum.

506 1738 584 1803 In
647 1739 899 1804 diversa
958 1739 1131 1806 abire
1177 1740 1477 1807 videntur
1526 1740 1606 1805 V.
1653 1744 1719 1804 et
1763 1739 1838 1804 Τ.
1886 1740 1922 1823 §
1972 1738 2091 1803 61:
2146 1736 2459 1816 „rationes
2508 1737 2586 1802 ad
2636 1757 2803 1802 aera-

417 1845 588 1909 rium
652 1847 951 1911 continuo
969 1893 987 1924 ,
1054 1846 1221 1912 sicut
1278 1849 1376 1912 lex
1423 1851 1536 1912 tua
1581 1845 1805 1931 (Iulia)
1852 1845 2143 1919 iubebat,
2196 1844 2385 1909 detuli
2434 1842 2678 1930 (Piso)”
2727 1842 2800 1909 Τ.

412 1949 644 2016 habere
714 1972 864 2016 cum
933 1951 1198 2037 reliquis
1266 1952 1441 2018 codd.
1505 1955 1779 2037 (praeter
1842 1951 2094 2031 Franc.)
2153 1951 2339 2014 retuli
2402 1971 2478 2015 ex
2522 1949 2805 2036 Peyroni

412 2053 668 2123 silentio
713 2056 1004 2124 efficitur.
1076 2057 1281 2125 Paulo
1326 2065 1501 2144 post:
1556 2061 1693 2136 „ita
1740 2060 1910 2124 enim
1956 2062 2105 2122 sunt
2151 2059 2533 2142 perscriptae
2584 2060 2801 2136 (ratio-

409 2162 548 2247 nes)
608 2163 767 2229 scite
827 2173 891 2230 et
951 2163 1232 2231 litterate
1251 2212 1267 2244 ‚
1327 2171 1402 2231 ut
1465 2166 1672 2231 scriba
1730 2164 1809 2230 ad
1856 2164 2170 2230 aerarium
2223 2166 2331 2248 qui
2377 2182 2481 2229 eas
2525 2165 2798 2248 rettulit,

410 2269 776 2353 perscriptis
817 2272 1168 2336 rationibus
1214 2292 1432 2338 secum
1475 2273 1612 2357 ipse
1629 2321 1646 2356 ,
1697 2275 1889 2356 caput
1926 2272 2183 2336 sinistra
2222 2289 2419 2334 manu
2457 2271 2803 2355 perfricans

414 2381 1004 2442 commurmuratus
1050 2379 1168 2442 sit:

597 2484 762 2546 ratio
811 2483 1068 2565 quidem
1115 2481 1327 2548 hercle
1373 2486 1664 2568 apparet,
1714 2488 2053 2569 argentum
2102 2480 2411 2562 vixerat?

501 2586 600 2653 Ex
659 2586 806 2676 lege
866 2588 1038 2654 Iulia
1099 2589 1367 2656 debebat
1428 2591 1846 2676 magistratus
1908 2590 2233 2671 provincia
2280 2587 2583 2652 decedens
2630 2589 2798 2674 apud

411 2695 569 2761 duas
617 2697 912 2762 civitates
957 2696 1262 2781 deponere
1299 2697 1607 2780 rationes,
1649 2693 2029 2777 easdemque
2062 2692 2333 2757 totidem
2372 2693 2583 2759 verbis
2624 2693 2801 2759 domi

412 2802 688 2887 „referre
733 2801 815 2867 ad
862 2800 1244 2867 aerarium.”
1292 2801 1474 2866 Idem
1524 2800 1833 2886 (,‚rqferre
1878 2796 2213 2882 rationes”)
2263 2797 2503 2864 scribae
2527 2802 2660 2882 est,
2687 2800 2797 2884 qui

406 2906 670 2972 iubente
729 2907 986 2973 domino
1033 2909 1306 2973 rationes
1353 2904 1640 2990 conficit,
1688 2905 1933 2971 Romae
1977 2908 2047 2969 in
2094 2906 2333 2971 aerario
2380 2904 2799 2989 deponendas.

405 3011 700 3098 Denique
759 3014 962 3079 scriba
1008 3016 1264 3089 aerarii,
1322 3014 1434 3098 qui
1482 3014 1814 3100 consignat
1858 3014 2132 3077 rationes
2179 3014 2247 3075 in
2295 3010 2531 3076 tabulis
2578 3010 2795 3096 publi-

409 3120 534 3196 cis,
586 3139 782 3204 aeque
824 3120 1060 3203 referre
1105 3119 1358 3185 dicitur.
1407 3119 1506 3185 De
1552 3119 1673 3183 boc
1720 3118 1801 3183 cf.
1849 3117 1993 3183 Liv.
2050 3116 2304 3183 XXVI.
2357 3116 2480 3182 36:
2532 3137 2681 3195 „aes
2727 3118 2796 3182 in

406 3222 742 3310 publicum
791 3226 1120 3291 conferunt
1157 3229 1335 3289 tanto
1383 3224 1725 3291 certamine
1772 3227 2005 3290 iniecto
2025 3272 2043 3302 ,
2096 3230 2169 3289 ut
2213 3225 2425 3307 prima
2470 3227 2583 3288 aut
2629 3225 2798 3288 inter

405 3333 648 3415 primos
715 3333 976 3398 nomina
1043 3350 1160 3396 sua
1226 3330 1466 3396 vellent
1535 3334 1604 3395 in
1665 3330 1939 3417 publicis
2009 3328 2247 3395 tabulis
2317 3350 2479 3407 esse,
2550 3334 2625 3394 ut
2680 3350 2796 3395 nec

407 3437 738 3501 triumviri
799 3437 1170 3522 accipiundo
1233 3459 1336 3501 nec
1382 3438 1610 3501 scribae
1655 3438 1985 3521 referundo
2029 3436 2425 3519 wfficerent.”
2518 3434 2614 3501 De
2660 3428 2795 3500 illis

403 3541 479 3606 cf.
531 3540 611 3607 ad
657 3541 836 3607 Fam.
884 3541 957 3608 V.
1005 3542 1093 3607 20
1144 3544 1401 3628 passim,
1450 3542 1688 3609 veluti:
1742 3546 1841 3621 „si
1879 3542 1970 3607 M.
2002 3542 2288 3616 Tullius,
2333 3541 2540 3606 scriba
2576 3562 2792 3618 meus,

403 3646 685 3723 adesset,
751 3668 788 3712 a
851 3668 976 3732 quo
1035 3648 1202 3713 mihi
1264 3648 1665 3733 exploratum
1728 3654 1823 3713 est
1898 3651 1967 3712 in
2035 3649 2385 3712 rationibus
2454 3647 2793 3712 dumtaxat

400 3753 739 3836 referendis
789 3791 872 3803 —
921 3754 1085 3820 nihil
1144 3776 1292 3821 eum
1341 3755 1628 3832 fecisse”‚
1680 3756 1779 3831 „si
1825 3756 2147 3818 rationum
2192 3753 2646 3839 referendarum
2690 3754 2793 3816 ius

402 3863 588 3925 vetus
651 3866 715 3925 et
775 3880 914 3928 mos
971 3864 1269 3946 antiquus
1315 3867 1638 3937 maneret,
1686 3880 1789 3923 me
1836 3860 2165 3923 relaturum
2212 3861 2485 3924 rationes
2534 3894 2617 3906 —-
2666 3876 2792 3923 non

400 3966 640 4033 fuisse”
716 3970 1060 4051 „quoniam
1131 3968 1276 4055 lege
1347 3966 1518 4032 Iulia
1587 3964 1941 4051 relinquere
2000 3969 2275 4032 rationes
2335 3967 2405 4029 in
2464 3966 2793 4050 provincia

399 4076 652 4138 necesse
716 4079 852 4138 erat
901 4074 1278 4159 easdemque
1325 4073 1594 4139 totidem
1643 4074 1855 4140 verbis
1903 4075 2137 4154 referre
2180 4073 2264 4136 ad
2306 4071 2674 4149 aerarimffl,
2726 4077 2791 4136 et

398 4180 694 4265 deinceps
739 4178 961 4245 eadem
1000 4182 1036 4264 ξ
1079 4200 1197 4257 „ne
1237 4179 1390 4264 quid
1430 4179 1618 4246 aliter
1655 4180 2043 4259 referretur'2
2086 4180 2205 4244 sub
2231 4177 2421 4245 finem
2446 4178 2688 4263 defferre
2712 4177 2791 4244 de

399 4288 538 4371 ipso
600 4281 900 4351 Cicerone
946 4305 1060 4371 pro
1107 4305 1232 4370 quo
1277 4284 1665 4374 Wesenberg
1710 4288 1944 4369 referre
1990 4286 2359 4362 substituit3
2408 4305 2482 4350 eo
2529 4285 2789 4370 quidem

401 4391 540 4458 loco
588 4396 776 4457 recte.
871 4391 997 4458 Sed
1042 4392 1110 4456 in
1157 4392 1370 4457 verbis
1417 4413 1606 4477 supra
1651 4394 1905 4478 scriptis
1951 4393 2177 4470 detuli,
2228 4392 2613 4458 vocabulum
2658 4390 2788 4457 lec-

401 4499 534 4563 tius
550 4542 568 4576 ,
617 4498 1118 4583 praeferendum.
1167 4496 1470 4567 Rationes
1488 4546 1506 4579 ‚
1549 4520 1586 4565 a
1625 4500 2013 4591 magistratu
2050 4501 2285 4569 delatae
2312 4498 2405 4566 ad
2446 4501 2791 4576 aerarium,
