3414 5158
595 349 722 418 158
1467 333 1474 347 “
1580 375 1976 425 unnonorus.

581 537 832 604 nifestis
877 540 1194 605 erroribus
1243 537 1514 606 fideliter
1559 542 1725 607 inter
1772 563 1839 606 se
1886 547 2251 609 consentire.
2320 542 2483 618 Quis
2526 546 2701 609 enim
2748 565 2969 610 eorum

579 665 704 709 nou
765 645 1108 711 affirmavit
1169 647 1503 728 δωροδοκεῖν
1549 669 1682 714 esse
1730 648 1885 727 δῶρα
1938 647 2197 722 διδόναι,
2248 655 2313 716 et
2360 655 2541 730 ψοφῶ
2590 653 2699 726 την
2746 649 2973 731 θύρανῖ

581 750 738 817 Esto
799 750 1106 818 mendum
1168 774 1303 819 esse
1357 757 1799 840 perantiquum
1825 805 1841 838 ‚
1906 755 2016 821 sed
2062 776 2213 822 vera
2260 754 2452 823 lectio
2500 762 2597 822 est
2644 757 2971 842 aliquanto

584 858 918 943 antiquior.

673 1073 788 1141 VI.
841 1073 962 1141 57:
1020 1075 1240 1142 scribit
1303 1076 1700 1143 Herodotus:
1751 1079 1821 1153 ἢν
1870 1079 1933 1143 δὲ
1980 1081 2068 1156 μη
2118 1076 2332 1143 ἔλθωσι
2379 1079 2588 1166 (reges
2634 1077 2971 1163 Spartano-

583 1200 731 1246 rum
777 1184 844 1246 in
892 1185 1164 1268 curiam)
1211 1184 1350 1257 τοὺς
1402 1182 1654 1258 μέλις-οὶ
1699 1191 1817 1264 σφι
1858 1191 1973 1249 τῶν
2014 1183 2309 1263 γερόντων
2349 1189 2757 1265 προσήκοντας
2801 1183 2967 1264 ἔχειν

583 1285 670 1352 τὰ
740 1293 856 1352 τῶν
925 1287 1237 1366 βασιλέων
1306 1289 1496 1371 γέρεα
1568 1291 1669 1356 δύο
1733 1292 1983 1372 ψήφους
2047 1291 2426 1370 τιθεμένους,
2491 1291 2699 1372 τρίτην
2744 1291 2807 1356 δὲ
2856 1290 2967 1364 την

585 1393 829 1459 ἑωυτῶν.

673 1500 934 1566 Duriter
979 1503 1058 1568 ob
1108 1503 1262 1569 haec
1309 1505 1502 1570 verba
1549 1505 1960 1592 Thucydides
2001 1505 2401 1571 Herodotum
2442 1506 2726 1591 increpat
2766 1505 2814 1569 Ι.
2842 1503 2965 1568 20:

583 1609 794 1674 πολλοὶ
862 1606 958 1698 δὲΞ
997 1609 1101 1674 καὶ
1167 1608 1343 1676 ἄλλα
1403 1609 1490 1677 ἔτι
1556 1613 1658 1677 καὶ
1712 1617 1812 1676 νῦν
1859 1611 2005 1676 ὄντα
2057 1651 2137 1661 -
2192 1612 2296 1676 καὶ
2344 1613 2396 1677 οἱ
2445 1611 2627 1676 ἄλλοι
2664 1609 2967 1685 Ἕλληνες

583 1718 689 1781 οὐκ
753 1717 924 1798 ὄρθῶς
987 1716 1208 1782 οἴονται
1273 1715 1472 1798 ὥσπερ
1535 1720 1674 1792 τοὺς
1744 1719 2244 1794 Λακεδαιμονίων
2302 1717 2617 1796 βασιλέας
2688 1719 2775 1795 μη
2848 1723 2967 1800 μιᾷ

581 1822 779 1903 ψήφῳ
827 1823 1252 1904 προστίθεσθαι
1301 1823 1580 1904 ἑκάτερον
1630 1826 1807 1889 ἄλλα
1853 1825 2033 1890 δυοῖν.
2080 1825 2295 1889 Etiam
2348 1823 2504 1890 alibi
2553 1827 2645 1890 sie
2692 1828 2857 1889 tecte
2905 1829 2970 1889 et

583 1932 718 1995 sine
785 1931 1042 1996 nomine
1105 1929 1508 1997 Herodotum
1569 1933 1973 2016 reprehendit
2038 1931 2467 2019 Thucydides.
2518 1930 2648 1996 vid.
2703 1929 2971 1995 Valcke-

583 2035 836 2101 narium
908 2035 986 2101 ad
1059 2034 1137 2103 V.
1201 2035 1262 2102 3.
1323 2037 1433 2102 sed
1493 2059 1659 2102 nunc
1725 2039 1985 2123 quidem
2032 2040 2246 2103 virum
2292 2037 2751 2126 gravissimum
2798 2036 2971 2122 fugit

581 2145 744 2206 ratio
805 2147 870 2206 et
933 2141 1349 2227 (quamquam
1409 2138 1761 2227 permirum
1811 2143 1986 2210 dictu
2034 2144 2155 2230 est)
2201 2143 2515 2210 Herodoti
2562 2144 2755 2209 verba
2798 2141 2969 2207 male

583 2247 919 2313 intellexit.
1014 2247 1262 2332 Nempe
1331 2269 1408 2314 ex
1478 2255 1844 2314 senatorum
1914 2270 2180 2315 numero
2248 2273 2403 2313 unus
2473 2257 2529 2314 et
2596 2249 2791 2326 idem,
2857 2250 2969 2332 qui

581 2356 874 2439 proxima
960 2357 1333 2441 cognatione
1402 2345 1749 2440 utrumque
1824 2377 2043 2442 regem
2112 2357 2522 2444 contingebat
2591 2356 2831 2421 ferebat
2898 2356 2967 2419 in

583 2463 760 2526 curia
806 2461 1111 2549 suffragia
1158 2462 1283 2527 duo
1331 2463 1603 2527 duorum
1653 2483 1883 2550 regum
1930 2465 2288 2528 absentium
2336 2465 2567 2548 quibus
2614 2484 2801 2528 suum
2845 2467 2971 2528 ter-

581 2567 749 2632 tium
798 2567 1087 2634 addebat.
1135 2568 1382 2635 Fallere
1427 2570 1640 2655 potuit
1685 2568 2131 2655 Thucydidem
2178 2569 2445 2655 pluralis
2482 2590 2787 2635 numerus
2826 2567 2965 2641 τοὺς

582 2673 834 2751 μάλιςα
897 2678 1348 2754 προσήκοντας,
1414 2676 1522 2741 sed
1586 2697 1659 2742 eo
1705 2697 1972 2741 numero
2020 2696 2176 2741 usus
2222 2682 2320 2741 est
2367 2676 2765 2752 Herodotus,
2818 2677 2969 2759 quia

583 2780 773 2846 modo
835 2782 942 2847 hic
1005 2782 1193 2847 modo
1255 2782 1368 2847 ille
1431 2802 1507 2847 ex
1574 2782 1883 2866 proximis
1932 2783 2218 2869 cognatis
2265 2783 2533 2847 duorum
2580 2802 2809 2869 regum
2858 2782 2967 2845 ab·

584 2891 863 2953 sentium
949 2890 1157 2954 vicem
1229 2887 1523 2973 explebat
1594 2890 2093 2974 muneribusque
2162 2889 2568 2976 fungebatur.
2664 2885 2965 2953 Ceterum

582 2994 909 3060 tantillam
957 3014 1092 3060 rem
1140 3000 1274 3059 ta'm
1321 3014 1536 3079 aspere
1583 2996 1915 3080 insectari,
1962 3016 2044 3060 ne
2089 2995 2295 3061 dicam
2346 2996 2527 3073 dolo,
2575 3000 2671 3059 est
2718 3002 2967 3069 σημεῖον

580 3099 1027 3181 μικροψυχίας.

671 3310 782 3377 VI.
835 3310 955 3379 58:
1022 3312 1476 3398 Spartanorum
1542 3336 1690 3403 rege
1752 3320 2007 3381 mortuo
2071 3314 2317 3394 ἀνάγκη
2383 3314 2451 3391 ἐξ
2496 3314 2683 3389 οἰκίης
2733 3314 2959 3389 {sedens

582 3419 918 3499 ἐλευθέρους
967 3419 1067 3486 δύο
1115 3425 1685 3488 καταΜΙΑΙνεσθαι
1734 3422 1925 3504 ἄνδρα
1966 3448 2037 3487 τε
2080 3423 2184 3490 καὶ
2224 3432 2519 3502 γυναῖκα,
2559 3422 2648 3501 μη
2674 3423 2961 3497 ποιήσασι

581 3526 644 3591 δὲ
691 3530 870 3593 τοῦτο
919 3528 1140 3607 ζημίαι
1187 3528 1475 3608 μεγάλαι
1525 3526 1879 3595 ἐπικέαται.

587 3654 597 3663 ·
670 3636 1034 3702 Absurdum
1102 3643 1197 3703 est
1259 3628 1797 3716 καταμιαίνεσθαι.
1894 3636 2051 3715 Quis
2112 3637 2324 3702 credat
2381 3642 2455 3701 ut
2515 3640 2768 3701 mortuo
2828 3635 2965 3720 regi

577 3743 776 3808 honor
835 3742 1144 3809 habeatur
1210 3744 1389 3809 binos
1447 3746 1759 3831 ingenuos
1821 3745 2033 3808 virum
2096 3748 2161 3808 et
2206 3742 2543 3808 mulierem
2592 3764 2671 3807 ex
2717 3760 2965 3826 quaque

579 3848 769 3914 domo
835 3852 979 3937 cogi
1037 3855 1115 3914 ut
1173 3870 1240 3915 se
1297 3851 1634 3932 polluerent
1693 3849 1797 3914 vel
1858 3850 2245 3934 inquinarent
2288 3850 2499 3914 nescio
2545 3867 2669 3933 quo
2714 3846 2965 3933 piaculo

579 3958 692 4021 aut
737 3954 986 4020 scelere.
1051 3955 1279 4042 Nugae
1327 3956 1447 4021 hae
1493 3960 1661 4021 sunt.
1729 3956 1949 4020 Fuisse
1998 3960 2209 4020 tamen
2258 3976 2453 4042 grave
2500 3976 2571 4019 ac
2618 3954 2965 4019 molestum

581 4060 650 4125 id
719 4060 886 4147 quod
953 4062 1036 4125 iis
1103 4062 1548 4147 iniungeretur
1617 4060 1894 4126 declarat
1966 4059 2179 4139 ζημίαι
2252 4062 2543 4138 μεγάλαι
2615 4060 2962 4125 ἐπικέαται.

581 4167 880 4253 Suspicor
924 4166 1322 4233 Herodotum
1371 4169 1693 4253 scripsisse
1735 4168 2328 4232 καταΤΑΜνεσθαι.
2366 4166 2793 4255 'Cogebantur
2840 4164 2961 4230 sub

578 4276 761 4361 gravi
809 4295 1008 4361 poena
1051 4275 1214 4341 ferro
1262 4278 1372 4339 aut
1419 4274 1745 4361 unguibus
1792 4275 1914 4338 sibi
1959 4295 2155 4359 genas
2179 4324 2193 4350 ,
2246 4294 2349 4349 os,
2392 4275 2699 4359 frontem,
2742 4277 2964 4358 pectus

579 4384 692 4453 aut
740 4380 995 4447 brachia
1041 4385 1335 4446 lacerare.
1431 4378 1768 4465 Euripides
1814 4381 2038 4446 Electr.
2088 4402 2181 4447 vs.
2234 4379 2389 4444 146:

1033 4486 1206 4557 κατὰ
1253 4486 1367 4567 μὲν
1415 4488 1618 4571 φίλαν
1665 4486 1840 4569 ὄνυχι
1888 4484 2241 4569 τεμνόμενα
2290 4486 2485 4570 δέραν.
