3414 5158
636 376 775 450 ‘234
1693 398 1962 450 nouus,

631 569 928 636 videatur
948 618 966 650 ,
1029 589 1313 653 quaeque
1375 569 1772 634 necessitudo
1820 568 2131 633 ambobus
2177 588 2323 632 cum
2372 567 2661 632 Iordanis
2707 566 2889 632 libris
2934 565 3039 631 in-

633 674 912 740 tercedat
961 680 1025 739 et
1070 673 1344 739 aliorum
1390 674 1526 738 sine
1573 673 1768 738 dubio
1811 672 2075 758 posthac
2123 673 2442 738 exercebit
2490 672 2874 740 industriam
2932 677 3035 738 at-

631 801 754 865 que
791 783 1204 867 sagacitatem
1224 828 1242 864 ‚
1285 801 1398 845 nec
1437 799 1586 844 sane
1624 779 2027 863 aliquantum
2052 777 2365 843 utilitatis
2391 778 2861 845 lucubrationes
2882 777 3035 844 illas

627 886 1279 974 investigationesque
1341 884 1420 950 ad
1485 884 1658 950 Flori
1722 884 1917 950 libros
1982 884 2381 950 emendatius
2453 884 2727 950 edendos
2798 883 3031 949 allatu·

629 1013 730 1057 ras
799 1013 933 1057 esse
1002 991 1238 1056 diffido.
1331 992 1425 1056 At
1487 988 1697 1056 multo
1762 990 1907 1075 plus
1970 989 2198 1055 salutis
2246 988 2380 1055 illis
2428 995 2719 1076 exspecto
2768 990 2848 1055 ab
2895 994 3031 1055 arte

629 1099 851 1163 critica
887 1095 1316 1163 coniecturali.
1367 1095 1741 1181 Quicunque
1782 1099 1953 1161 enim
1996 1099 2207 1162 varias
2241 1095 2545 1161 lectiones
2569 1095 2675 1162 vel
2698 1097 2903 1161 obiter
2924 1097 3027 1159 in·

627 1205 940 1288 spuerit,
986 1201 1173 1269 facile
1220 1202 1467 1267 videbit
1505 1221 1724 1268 omnes
1763 1200 1992 1277 libros,
2032 1206 2474 1287 praeterquam
2519 1202 2687 1287 quod
2729 1205 2862 1268 suis
2888 1204 3027 1287 qui-

628 1329 750 1393 que
809 1310 991 1374 vitiis
1053 1309 1372 1394 inquinati
1421 1309 1584 1384 sint,
1634 1307 1885 1372 mendis
1930 1306 2215 1372 laborare
2260 1309 2667 1394 gravissimis
2688 1357 2705 1392 ,
2754 1328 3027 1392 quorum

627 1417 806 1500 origo
871 1413 952 1479 ad
1013 1434 1420 1480 communem
1469 1415 1760 1478 omnium
1808 1413 2049 1478 fontem
2098 1415 2184 1477 sit
2230 1413 2554 1479 referenda
2574 1461 2589 1486 ,
2637 1417 2854 1499 itaque
2900 1434 3028 1479 non

629 1520 818 1584 modo
887 1527 1034 1585 ante
1103 1541 1263 1585 saec.
1327 1518 1444 1597 IX,
1509 1539 1634 1603 quo
1696 1518 2187 1604 Bambergensis
2252 1525 2316 1582 et
2361 1518 2423 1584 N
2426 1521 2751 1584 azarianus
2798 1522 3021 1606 scripti

627 1627 790 1703 sint,
865 1625 975 1691 sed
1044 1626 1175 1690 iam
1239 1646 1312 1691 ea
1333 1675 1348 1702 ,
1413 1645 1540 1709 qua
1602 1624 1903 1690 Iordanes
1965 1622 2263 1688 libellum
2312 1645 2502 1690 suum
2552 1628 3018 1711 composuerit,

623 1736 862 1808 aetate,
924 1733 968 1795 i.
1019 1752 1074 1796 e.
1137 1750 1300 1796 saec.
1348 1728 1461 1814 VI,
1524 1750 1762 1795 errores
1824 1750 2007 1814 saepe
2058 1728 2360 1795 ridiculos
2406 1731 2475 1795 in
2521 1737 2889 1797 contextum
2934 1732 3021 1795 ir-

621 1840 908 1922 repsisse.
1004 1835 1129 1916 Qui
1197 1837 1403 1924 igitur
1463 1838 1531 1899 in
1595 1834 1783 1901 Floro
1843 1835 2220 1900 recensendo
2282 1834 2351 1900 id
2416 1843 2667 1902 tantum
2716 1839 2856 1923 agit
2874 1885 2893 1921 ‚
2939 1841 3015 1900 ut

623 1945 820 2009 variis
877 1942 1258 2009 lectionibus
1319 1939 1540 2007 sedulo
1607 1945 1777 2006 inter
1838 1963 1904 2006 se
1954 1940 2204 2006 collatis
2251 1943 2676 2007 vetustissimi
2724 1940 3015 2026 Codicis,

626 2050 794 2115 unde
839 2069 1060 2114 omnes
1105 2050 1306 2113 nostri
1351 2047 1654 2112 fluxerint
1671 2094 1687 2125 ‚
1730 2051 2101 2112 contextum
2140 2049 2468 2132 restituat,
2505 2049 2561 2112 is
2599 2047 2839 2113 librum
2877 2068 3020 2134 pro-

627 2155 786 2219 feret
829 2151 1270 2218 incredibilem
1315 2155 1385 2216 in
1433 2152 1700 2218 modum
1748 2158 2122 2239 corruptum
2174 2159 2237 2218 et
2284 2152 2724 2238 depravatum.

713 2259 1018 2325 Halmius
1045 2307 1062 2334 ,
1123 2259 1244 2323 etsi
1305 2257 1475 2323 locos
1519 2278 1647 2323 non
1692 2279 1927 2344 paucos
1972 2280 2048 2324 ex
2094 2261 2355 2346 ingenio
2402 2261 2714 2343 correxit,
2762 2261 3013 2344 saepius

621 2373 840 2433 tamen
871 2369 943 2430 in
981 2366 1385 2431 librariorum
1411 2365 1633 2431 insana
1655 2371 2020 2431 commenta
2042 2364 2479 2452 indulgentior
2500 2366 2697 2431 fuisse
2721 2365 2977 2432 videtur
2995 2411 3013 2443 ,

620 2493 812 2559 quam
859 2494 897 2538 a
942 2473 1126 2538 docto
1173 2475 1313 2538 viro
1359 2476 1426 2536 et
1471 2477 1656 2537 acuto
1704 2474 2053 2557 exspectari
2100 2493 2377 2557 aequum
2429 2477 2585 2537 erat.
2635 2471 2776 2540 Iam
2825 2477 3013 2537 antea

617 2579 880 2665 (Mnem.
930 2578 1012 2646 N.
1055 2578 1124 2643 S.
1171 2576 1250 2643 VI
1288 2599 1352 2664 p.
1393 2577 1552 2664 312)
1595 2600 1800 2643 unum
1842 2584 1905 2643 et
1944 2578 2218 2645 alterum
2260 2578 2475 2645 locum
2513 2573 2824 2656 indicavi,
2852 2598 3010 2664 quos

617 2691 680 2751 et
742 2692 884 2772 post
947 2684 1202 2750 Halmii
1247 2705 1428 2750 curas
1475 2686 1915 2750 emendatione
1961 2686 2249 2771 indigere
2295 2685 2625 2771 putabam.
2702 2684 2845 2750 Illis
2890 2684 3009 2749 hos

615 2790 860 2857 adicere
905 2791 1121 2858 visum
1167 2796 1284 2857 est.

1657 3004 1865 3071 Iamna
1908 3004 1958 3070 I.

699 3217 990 3283 Prooem.
1043 3216 1117 3295 3,·
1167 3218 1312 3302 quia
1353 3218 1472 3281 sibi
1514 3219 1706 3282 obstat
1744 3218 2087 3299 maynitudo
2128 3238 2438 3303 rerumque
2476 3219 2795 3283 deverram
2818 3217 3005 3283 aciem

605 3324 956 3388 inustionis
1023 3324 1455 3408 abrumpit,
1516 3324 1755 3410 faciam
1814 3325 1973 3409 quod
2036 3325 2227 3389 colent
2248 3373 2266 3408 ,
2327 3330 2433 3409 qui
2492 3331 2786 3389 {marum
2847 3325 3005 3389 citus

598 3430 858 3513 pinquat
873 3456 892 3495 .·
937 3436 1002 3493 in
1051 3430 1212 3494 brevi
1257 3432 1431 3515 quasi
1477 3432 1698 3494 tabella
1746 3438 1927 3495 totam
1974 3436 2101 3495 eim
2146 3430 2457 3511 imaqiuem
2494 3432 2834 3514 amplectar.

697 3534 856 3616 Quis
899 3556 1208 3622 umquam
1258 3537 1424 3600 dixit
1467 3538 1801 3621 scripsitve
1848 3538 2051 3601 aciem
2100 3535 2204 3601 vel
2251 3537 2438 3620 ferri,
2488 3536 2593 3603 vel
2642 3536 2999 3623 oculorum,

605 3642 712 3707 vel
771 3644 1006 3708 mentis
1066 3641 1334 3728 denique
1397 3642 1720 3725 abrumpi?
1782 3642 2068 3727 Repone‚
2134 3641 2300 3727 quod
2362 3644 2546 3708 unice
2592 3664 2818 3709 verum
2865 3649 2997 3724 est,

605 3750 1007 3815 obtundit.
1057 3748 1412 3815 Deteriores
1456 3747 1608 3815 libri
1655 3748 1890 3814 habent
1938 3750 2248 3832 obruntpt't.

700 3961 732 4026 1
745 4012 758 4027 .
808 3961 850 4027 8
909 3962 995 4025 ad
1049 3962 1293 4027 tutelam
1353 3982 1536 4025 novae
1597 3960 1767 4024 urbis
1826 3962 2092 4044 sufficere
2154 3960 2375 4025 vallum
2424 3961 2739 4025 videbatur
2760 4008 2777 4039 ,
2822 3961 2999 4026 cuius

601 4071 740 4133 dum
801 4073 1108 4151 anqmtiao
1164 4070 1384 4132 Remus
1421 4068 1800 4151 increpat
1846 4068 2043 4146 saltu,
2092 4068 2337 4131 dubium
2382 4090 2461 4131 an
2513 4068 2681 4131 iussu
2716 4068 2987 4154 fratris,

602 4176 825 4240 accim
871 4182 977 4239 ert.
1970 4254 1975 4257 Ι

688 4279 954 4365 Recepit
1016 4280 1186 4345 hunc
1245 4278 1460 4345 locum
1505 4276 1810 4343 Halmius
1854 4301 1933 4345 ex
1978 4278 2187 4346 Iahnii
2234 4281 2592 4346 recensione
2610 4328 2627 4359 ‚
2682 4282 2803 4345 etsi
2848 4299 2993 4346 con-

597 4387 800 4451 fessus
818 4432 835 4463 ‚
889 4406 958 4451 se
999 4388 1069 4450 in
1117 4406 1260 4451 eam
1309 4388 1522 4471 potius
1567 4386 1948 4451 sententiam
1996 4385 2301 4451 inclinare
2347 4391 2423 4450 ut
2470 4387 2633 4450 saltu
2678 4386 2989 4453 inducen-

593 4493 752 4557 dum
817 4500 1114 4577 totusque
1175 4491 1352 4557 locus
1412 4495 1504 4557 sic
1549 4493 1919 4569 scribendus
1964 4495 2086 4558 sit:
2136 4493 2309 4556 cuius
2352 4494 2492 4557 dum
2540 4499 2853 4575 unque-tiae
2901 4494 2987 4560 R.
