3414 5158
377 1242 1074 1337 SPICILEGIUM
1115 1227 1634 1336 CRITIGUM
1667 1246 1814 1336 AD
1846 1244 2158 1337 FLORI
2190 1246 2753 1339 EPITOMAS.
2808 1328 2815 1334 .

1364 1530 1777 1619 zoen...-

1507 1832 1606 1882 Iuli
1651 1832 1785 1883 mori
1835 1832 2085 1899 Epitomne
2118 1834 2177 1883 de
2210 1832 2321 1883 'rito
2354 1832 2491 1882 Livio
2526 1831 2761 1885 bellorum

1551 1916 1789 1965 'omnium
1830 1931 2065 1965 annorum
2104 1928 2199 1965 neo
2235 1914 2348 1965 libri
2374 1914 2483 1966 duo.
2520 1916 2763 1981 Recogno-

1573 1997 1644 2047 vit
1678 1998 1879 2047 Carolus
1914 1998 2080 2048 Halm.

2200 2079 2391 2146 ijsise
2424 2066 2689 2131 xnooc'mn.

457 2269 644 2337 Docti
709 2272 831 2337 viri
853 2318 868 2347 ,
933 2272 1044 2357 qui
1104 2270 1292 2338 Floro
1359 2272 1598 2338 edendo
1655 2292 1912 2357 operam
1962 2270 2271 2338 dederunt
2288 2320 2305 2349 ,
2355 2274 2521 2339 inter
2569 2274 2761 2340 huius

367 2378 693 2461 scriptoris
757 2376 1000 2442 codices
1019 2426 1037 2461 ,
1087 2378 1245 2443 duos
1290 2398 1426 2443 esse
1466 2377 1919 2445 intellexerunt
1968 2381 2191 2453 ceteris
2232 2379 2387 2444 adeo
2442 2384 2762 2465 praestan-

369 2490 464 2547 tes
483 2532 498 2559 ,
571 2487 648 2547 ut
715 2483 992 2548 recensio
1059 2484 1290 2549 horum
1365 2486 1745 2550 auctoritate
1812 2484 1942 2550 fere
2014 2490 2150 2549 tota
2212 2486 2402 2550 inniti
2467 2485 2757 2552 deberet:

367 2587 910 2675 Bambergensem
959 2593 1022 2653 et
1069 2587 1496 2654 Nazarianum
1517 2637 1534 2665 ,
1585 2592 1695 2674 qui
1745 2589 2207 2678 Heidelberg-ae
2244 2591 2436 2657 hodie
2473 2611 2761 2660 asserva-

368 2697 496 2759 tur.
563 2693 714 2759 Otto
759 2694 1027 2759 Iahnius
1069 2696 1136 2760 in
1185 2694 1582 2761 Praefatione
1627 2694 1947 2760 Editionis
1965 2744 1980 2771 ,
2034 2716 2193 2780 quae
2236 2699 2303 2760 in
2353 2695 2563 2762 lucem
2613 2719 2759 2782 pro-

370 2801 493 2866 diit
549 2820 711 2866 enno
755 2802 954 2865 huius
998 2799 1235 2866 saeculi
1279 2817 1372 2866 ΠΙ
1389 2849 1406 2878 ,
1456 2800 1649 2889 longe
1698 2803 2003 2867 maiorem
2054 2799 2245 2866 fidem
2300 2800 2761 2890 Bambergensi

367 2907 722 2973 habendam
767 2927 900 2972 esse
943 2908 1190 2992 primus
1225 2909 1516 2972 omnium
1569 2909 1818 2993 copiose
1863 2907 2164 2972 defendit.
2214 2906 2409 2972 Libro
2450 2906 2758 2974 Bamber-

367 3015 580 3102 gensis
625 3011 964 3077 simillimo
984 3059 1000 3090 ‚
1049 3015 1404 3098 antiquiore
1449 3034 1598 3079 sane
1646 3033 1721 3079 eo
1768 3012 2039 3079 saeculis
2084 3031 2207 3078 non
2257 3014 2513 3099 paucis,
2564 3034 2759 3079 usum

369 3139 501 3185 esse
526 3119 741 3184 docuit
767 3117 1138 3202 Iordanem,
1165 3122 1367 3204 quiin
1393 3120 1584 3184 Libro
1624 3120 1715 3185 de
1755 3141 2071 3186 summa
2110 3125 2581 3205 temporum
2622 3120 2757 3188 vel

368 3227 704 3314 orig-ine
743 3226 1247 3310 actibusque
1288 3227 1574 3312 gentis
1603 3224 2153 3292 Romanorum
2178 3225 2444 3292 Florum
2470 3227 2549 3292 sb
2572 3227 2758 3292 initio

367 3353 568 3418 usque
610 3333 688 3397 sd
735 3331 980 3398 bellum
1027 3331 1512 3397 Macedonicum
1549 3335 1835 3418 primum
1883 3333 2234 3419 descripsit.
2282 3331 2439 3398 God.
2464 3332 2526 3398 N
2528 3333 2761 3400 azaria-

366 3459 522 3503 num
541 3487 556 3516 ,
600 3458 872 3522 quocum
913 3439 1290 3503 recentiores
1330 3437 1526 3504 libros
1565 3457 1785 3504 omnes
1824 3441 2175 3504 consentire
2214 3437 2558 3505 affirmavit
2580 3488 2599 3514 ‚
2634 3459 2759 3504 non

369 3543 662 3608 adhibuit
701 3544 966 3609 Iahnius
1007 3546 1132 3609 nisi
1165 3545 1248 3609 iis
1293 3542 1480 3620 locis,
1538 3544 1773 3628 quibus
1819 3543 2315 3630 Bembergensis
2362 3549 2443 3636 et·
2472 3543 2759 3610 Iordanis

367 3647 668 3715 lectiones
713 3656 1044 3736 corruptae
1091 3650 1478 3717 viderentur.
1524 3649 1833 3716 Halmius
1872 3653 1943 3714 in
1983 3649 2279 3715 Editione
2314 3651 2460 3714 anni
2496 3669 2761 3734 sequen-

367 3755 454 3819 tis
511 3753 724 3819 Iahnii
786 3757 1077 3844 vestigiis
1135 3759 1432 3824 insistens
1453 3806 1468 3831 ‚
1534 3756 1781 3842 aliquot
1841 3754 2201 3842 probabiles
2267 3755 2570 3822 lectiones
2588 3802 2606 3834 ,
2680 3757 2759 3824 ab

367 3858 482 3925 illo
542 3863 1014 3945 praetermissas
1039 3911 1054 3938 ,
1114 3883 1191 3928 ex
1249 3863 1710 3952 Bambergensi
1760 3864 2183 3947 conquisivit,
2232 3862 2464 3946 quibus
2512 3860 2761 3926 eddidit

370 3966 677 4052 quaedam
697 4014 715 4049 ,
762 3969 830 4030 in
877 3969 1084 4033 tribus
1128 3968 1408 4035 Iordanis
1452 3967 1636 4036 libris
1683 3991 1721 4036 a
1765 3991 1833 4036 se
1892 3972 2188 4046 inventa;
2238 3973 2563 4054 praeterea
2599 3988 2758 4032 non-

367 4071 578 4138 nullas
625 4069 963 4137 Nazarieni
1010 4073 1344 4152 lectiones,
1400 4097 1436 4140 a
1485 4075 1706 4142 Iahnio
1754 4081 1997 4163 spretas
2017 4120 2034 4151 ‚
2083 4077 2149 4139 in
2199 4081 2451 4140 textum
2500 4075 2756 4158 recepit.

367 4179 610 4246 Deinde
649 4198 799 4244 vero
837 4179 1009 4243 docti
1048 4180 1171 4243 viri
1211 4185 1276 4244 et
1317 4180 1553 4245 eruditi
1593 4182 1660 4245 in
1700 4179 2050 4248 Germania
2088 4201 2213 4246 non
2238 4180 2424 4266 pauci
2448 4177 2761 4263 exemplis

370 4286 883 4351 demonstrarunt
923 4283 1218 4348 Iahnium
1259 4287 1322 4348 in
1368 4284 1860 4374 Bambergensis
1883 4290 2259 4354 auctoritate
2283 4284 2722 4371 amplectende
2740 4331 2757 4362 ,

369 4390 761 4477 repudianda
805 4390 1140 4457 Nazariani
1161 4438 1177 4469 ,
1225 4410 1410 4476 saepe
1455 4412 1724 4457 numero
1770 4394 2035 4459 modum
2085 4395 2441 4460 excessisse.

461 4496 906 4565 Controversia
949 4503 1166 4563 autem
1213 4501 1344 4564 utri
1385 4498 1613 4562 horum
1655 4495 1966 4580 Codicum
2008 4502 2211 4566 maior
2250 4497 2405 4564 fides
2428 4497 2761 4564 tribuenda

2405 4618 2469 4668 lo
