3414 5158
1379 379 1779 432 annone-rus,
2278 445 2283 451 ι
2645 365 2779 434 425

390 549 510 616 τῶν
579 545 916 629 ἁμμάτων,
987 547 1157 635 quod
1228 548 1743 616 additamentum
1810 548 2035 616 dubito
2101 569 2261 616 num
2323 551 2478 616 satis
2525 554 2783 619 tueatur

389 655 567 722 locus
619 654 736 722 IV.
792 653 946 742 136,
989 657 1102 723 ubi
1149 653 1430 744 Scythae
1475 656 1568 723 sic
1606 654 1937 753 loquentes
1983 653 2279 723 Ionibus:
2308 653 2518 738 ἄνδρες
2537 656 2783 743 Ἴωνες,

389 759 470 828 αἵ
519 786 590 826 τε
655 760 872 843 ἡμέραι
934 762 1077 840 ὑμῖν
1139 765 1274 827 τοῦ
1333 763 1426 844 ἐρ
1446 786 1463 828 ι
1484 762 1624 841 ὁμο
1644 764 1678 826 ῦ
1729 760 2075 844 διοιχέαται
2100 810 2119 847 ,
2165 760 2357 828 illum
2403 764 2781 850 genetivum

392 871 502 937 vix
538 875 708 934 recte
743 870 1042 936 omittere
1086 872 1398 954 poterant.
1490 867 1670 934 Idem
1717 867 1893 935 valet
1940 867 2019 934 de
2062 866 2201 934 loco
2244 866 2333 934 V.
2376 866 2500 934 50:
2550 870 2779 952 ἦκυρΙη

393 974 585 1056 ἡμέρη
632 1009 720 1024 -
767 981 878 1051 τῆς
931 974 1260 1054 ὑποκρίσιος
1311 979 1378 1040 et
1420 972 1536 1041 VI.
1591 972 1755 1040 129:
1806 976 1841 1050 ἧ
1890 974 2059 1056 κυρίη
2112 1012 2195 1024 -
2234 979 2353 1040 τῶν
2376 975 2643 1059 ἡμερέων
2665 985 2776 1054 τῆς

391 1103 464 1146 τε
551 1079 959 1154 κατακλίσιος
1056 1083 1162 1147 τοῦ
1231 1078 1450 1160 γάμου
1523 1079 1630 1146 καὶ
1701 1077 2059 1166 ἐκφάνσιος.
2152 1079 2593 1148 Nihilominus
2673 1083 2781 1149 hic

392 1186 676 1274 genetivi
745 1207 899 1253 usus
946 1191 1083 1252 tam
1129 1187 1422 1274 proprius
1467 1185 1725 1253 videtur
1769 1185 2095 1252 Herodoto
2112 1231 2129 1264 ,
2176 1191 2253 1254 ut
2296 1191 2413 1252 τῶν
2462 1186 2779 1268 ἁμμάτων

395 1290 604 1358 delere
649 1311 774 1358 non
820 1290 1112 1359 audeam.

483 1533 594 1602 IV.
663 1531 750 1600 99
811 1538 970 1600 extr.
1037 1531 1140 1600 δύο
1208 1533 1269 1600 δὲ
1331 1531 1596 1612 λέγων
1651 1537 1861 1598 ταῦτα
1910 1507 2381 1614 arandum
2432 1533 2783 1616 παρόμοια,

391 1649 549 1708 τοῖσι
596 1639 840 1708 ἄλλοισι
890 1635 1012 1706 οἶκε
1065 1643 1100 1717 ἢ
1148 1640 1451 1720 Ταυρική.
1524 1639 1650 1706 Pro
1689 1638 1857 1716 λέγω
1883 1639 2297 1725 expectabam
2334 1641 2418 1706 ἐῶ·
2445 1639 2550 1708 vel
2573 1641 2783 1721 σιγέω,

395 1753 472 1813 ut
515 1747 688 1814 dicat
735 1748 1036 1832 scriptor,
1083 1766 1152 1812 se
1197 1745 1324 1812 alia
1370 1745 1549 1811 eicere
1567 1795 1585 1830 ,
1634 1765 1795 1830 quae
1840 1745 2082 1812 similia
2128 1745 2345 1812 afferre
2390 1749 2721 1832 potuisset.

487 1989 594 2058 IV.
648 1989 800 2057 103.
849 1990 1182 2068 πολεμίους
1232 1990 1295 2057 δὲ
1344 1988 1566 2071 ἄνδρας
1606 1990 1745 2063 τοὺς
1793 1988 1869 2055 ἂν
1896 1992 2307 2072 χειρώσωνται
2335 1994 2568 2056 ποιεῦσι
2592 1989 2782 2057 τάδε·

396 2099 739 2175 ἀποταμὼν
792 2095 1072 2184 [gnae-oc]
1121 2098 1405 2176 κεΦαλῆν
1451 2095 1839 2176 ἀποφέρεται
1888 2098 1951 2165 ἐς
1997 2097 2083 2161 τὲ
2119 2095 2303 2162 οἰκία.
2352 2095 2533 2176 Quod
2556 2096 2791 2164 seclusi

395 2223 739 2290 pronomen
799 2203 1141 2269 damnatur
1201 2205 1515 2268 constanti
1576 2222 1697 2267 usu
1766 2201 1879 2282 H„
1928 2203 2041 2288 qui
2089 2223 2298 2268 mores
2344 2202 2701 2269 describens
2746 2223 2787 2268 a

392 2309 630 2395 plurali
676 2329 942 2376 numero
989 2308 1070 2375 ad
1119 2307 1513 2397 singularem
1561 2307 1911 2374 orationem
1961 2307 2293 2375 deflectere
2333 2309 2579 2375 assolet.
2678 2307 2787 2376 Sic

393 2437 452 2484 v.
507 2437 558 2482 c.
622 2415 788 2480 infra
855 2412 984 2481 172
1047 2417 1204 2479 extr.
1271 2412 1349 2478 de
1410 2413 1910 2480 Nasamonibus:
1962 2413 2523 2492 μαντεύονται
2570 2414 2633 2480 δὲ
2681 2414 2784 2479 ἐπὶ

393 2529 511 2588 τῶν
573 2521 877 2602 προγόνων
938 2521 1287 2602 Φοιτέοντες
1335 2519 1422 2583 τοὶ
1492 2520 1757 2596 σήματα
1830 2518 1933 2586 καὶ
1984 2519 2431 2599 κατευξάμενοι
2481 2519 2785 2587 ἐπικατα-

394 2627 778 2705 κοιμέονται·
842 2625 912 2691 τὸ
977 2624 1032 2690 δ’
1081 2623 1157 2690 ἂν
1224 2622 1324 2707 ἴδῃ
1391 2624 1454 2689 ἐν
1517 2634 1594 2709 τῇ
1659 2624 1763 2705 ὄψι
1829 2625 2123 2702 ἐνύπνιον,
2190 2626 2385 2707 τούτῳ
2447 2629 2785 2707 χρᾶται.

395 2735 604 2804 πίςεσι
665 2732 729 2799 δὲ
799 2732 1058 2811 vernol&
1118 2729 1547 2811 χρέονται·
1614 2731 1685 2796 ἐκ
1740 2738 1858 2825 ,τῆς
1928 2733 2133 2812 χειρὸς
2182 2731 2399 2819 διδοῖ
2454 2741 2616 2799 πιεῖν
2678 2738 2783 2799 καὶ

395 2840 585 2915 αὐτὸς
626 2840 694 2906 ἐκ
734 2847 846 2915 τῆς
889 2842 995 2904 τοῦ
1041 2836 1241 2918 ἐτέρου
1283 2836 1377 2903 πί
1393 2860 1524 2903 νει.
1617 2836 1710 2904 Ut
1753 2839 1849 2903 ibi
1892 2838 2277 2907 audiendum
2324 2840 2353 2904 ὅ
2400 2837 2786 2920 μαντευόμε-

396 2970 489 3021 νος
552 2952 617 3013 et
680 2948 708 3011 ὃ
764 2946 900 3015 πΙςι
956 2943 1306 3027 χρεόμενος,
1359 2946 1449 3009 sic
1495 2944 1615 3009 hoc
1659 2941 1801 3009 loco
1848 2942 2353 3032 intellegendum
2403 2946 2432 3010 ὃ
2476 2946 2786 3027 χειρωσά-

396 3075 575 3131 μενος
645 3050 837 3133 &napa
905 3050 1222 3130 πολέμιον.
1317 3048 1478 3116 'Poto
1524 3047 1696 3117 coelo
1749 3050 1983 3118 diversi
2028 3056 2180 3117 sunt
2231 3050 2359 3119 loci
2376 3099 2395 3132 ,
2438 3053 2645 3139 qualis
2692 3059 2789 3121 est

394 3156 485 3225 V.
534 3156 574 3223 5
621 3159 767 3223 init.

485 3383 601 3450 IV.
655 3382 810 3451 106.
858 3383 1273 3466 Ἀνδροφάγοι
1325 3382 1428 3469 (cf.
1476 3380 1585 3448 IV.
1637 3380 1767 3467 18).
1863 3382 1961 3449 Ex
1995 3388 2245 3470 poetica
2275 3387 2556 3453 nominis
2579 3388 2787 3454 forma

396 3513 510 3579 pro
559 3490 1072 3571 ’Λνθρωποφοὶγοι
1115 3492 1310 3577 (recte
1354 3488 1659 3574 probatur
1706 3509 1857 3554 mox
1896 3490 2129 3556 codicis
2168 3490 2449 3559 Romani
2472 3496 2786 3579 scriptura

396 3595 1010 3679 ἅνθρωποφαγέουσι)
1075 3595 1305 3661 efficias
1367 3593 1674 3679 populum
1736 3615 1871 3659 esse
1931 3594 2331 3681 fabulosum,
2390 3600 2573 3664 cuius
2621 3602 2786 3665 noti·

395 3706 552 3769 tiam
617 3704 885 3787 scriptor
950 3700 1240 3767 debuerit
1292 3702 1468 3786 epico
1511 3701 1810 3775 carmini,
1859 3699 2025 3786 quod
2075 3706 2329 3787 propter
2372 3708 2627 3771 narrata
2673 3704 2781 3771 IV.

402 3810 484 3875 13
530 3828 664 3893 sqq.
713 3828 838 3873 non
885 3806 1060 3873 aliud
1106 3806 1302 3871 fuisse
1343 3807 1627 3890 suspicor
1672 3826 1865 3890 quam
1911 3806 1999 3872 τὰ
2033 3806 2306 3887 Ἀρις-έου
2352 3806 2781 3891 Ἀριμάσπεα.

395 3913 626 3980 Paullo
674 3913 923 3980 diversa
970 3916 1066 3978 est
1112 3911 1275 3977 ratio
1317 3909 1603 3977 locorum
1647 3911 1764 3976 ubi
1809 3908 1896 3975 Η.
1939 3910 2227 3979 homines
2250 3917 2507 3983 vocavit
2529 3914 2780 3998 ἄνδρας.

394 4018 578 4088 velut
617 4017 693 4085 V.
747 4016 834 4085 63
881 4018 966 4083 τοὶ
1013 4015 1139 4097 γὰρ
1178 4019 1284 4082 τοῦ
1333 4017 1464 4080 θεοῦ
1512 4015 1907 4097 πρεσβύτερα
1954 4017 2259 4095 ἐποιεῦντο
2308 4018 2343 4095 ἢ
2394 4026 2508 4086 τῶν
2558 4021 2783 4103 ἀνδρῶν

395 4130 462 4191 et
507 4124 589 4190 Π.
646 4123 772 4190 144
820 4125 945 4189 init
983 4128 1047 4189 et
1093 4120 1172 4187 11.
1230 4118 1355 4186 146
1403 4120 1572 4187 med.
1666 4119 1764 4186 Ibi
1811 4124 1986 4187 enim
2034 4122 2133 4191 dis
2180 4130 2603 4211 opponuntur.

485 4366 592 4434 IV.
648 4365 775 4433 119
825 4370 984 4433 extr.
1031 4365 1218 4447 μέχρι
1261 4365 1324 4432 δὲ
1363 4368 1542 4431 τοῦτο
1579 4364 1824 4444 Τδωμεν.
1872 4364 1947 4431 In
1970 4366 2213 4435 talibus
2233 4367 2321 4435 H.
2346 4375 2457 4436 aut
2478 4369 2777 4439 voculam

397 4472 474 4541 ἄν
521 4472 748 4542 addere
799 4470 962 4539 solet
1009 4476 1122 4539 aut
1167 4466 1254 4557 οὗ,
1304 4469 1472 4557 quod
1517 4471 1727 4539 nescio
1773 4491 1853 4539 an
1898 4472 2005 4541 hic
2051 4474 2374 4543 exciderit.
2472 4474 2776 4567 Legerim
