<?xml version="1.0" encoding="UTF-8"?>
<!DOCTYPE html PUBLIC "-//W3C//DTD XHTML 1.0 Transitional//EN"
    "http://www.w3.org/TR/xhtml1/DTD/xhtml1-transitional.dtd">
<html xmlns="http://www.w3.org/1999/xhtml" xml:lang="en" lang="en">
 <head>
  <title>
</title>
<meta http-equiv="Content-Type" content="text/html;charset=utf-8" />
  <meta name='ocr-system' content='tesseract 3.04.00' />
  <meta name='ocr-capabilities' content='ocr_page ocr_carea ocr_par ocr_line ocrx_word'/>
</head>
<body>
  <div class='ocr_page' id='page_1' title='image "./mnemosynevolume02verdgoog_0094.png"; bbox 0 0 3414 5158; ppageno 0'>
   <div class='ocr_carea' id='block_1_1' title="bbox 626 254 2019 321">
    <p class='ocr_par' dir='ltr' id='par_1_1' title="bbox 626 254 2019 321">
     <span class='ocr_line' id='line_1_1' title="bbox 626 254 2019 321; baseline -0.004 0"><span class='ocrx_word' id='word_1_1' title='bbox 626 254 714 321; x_wconf 85' lang='lat'><strong><em>86</em></strong></span> <span class='ocrx_word' id='word_1_2' title='bbox 1623 267 2019 318; x_wconf 72' lang='lat' dir='ltr'>monorus.</span> 
     </span>
    </p>
   </div>
   <div class='ocr_carea' id='block_1_2' title="bbox 622 427 3300 1264">
    <p class='ocr_par' dir='ltr' id='par_1_2' title="bbox 624 427 3127 733">
     <span class='ocr_line' id='line_1_2' title="bbox 713 427 3127 516; baseline -0.003 -14"><span class='ocrx_word' id='word_1_3' title='bbox 713 435 825 502; x_wconf 87' lang='lat' dir='ltr'><strong><em>IV.</em></strong></span> <span class='ocrx_word' id='word_1_4' title='bbox 873 435 994 502; x_wconf 84' lang='lat'><strong><em>16:</em></strong></span> <span class='ocrx_word' id='word_1_5' title='bbox 1049 434 1223 502; x_wconf 78' lang='grc' dir='ltr'><strong><em>ἀλλά</em></strong></span> <span class='ocrx_word' id='word_1_6' title='bbox 1274 435 1359 500; x_wconf 77' lang='grc' dir='ltr'><strong><em>τά</em></strong></span> <span class='ocrx_word' id='word_1_7' title='bbox 1407 434 1755 515; x_wconf 85' lang='grc' dir='ltr'><strong><em>κατύπερθε</em></strong></span> <span class='ocrx_word' id='word_1_8' title='bbox 1804 433 1989 512; x_wconf 71' lang='grc' dir='ltr'><strong><em>ἔλεγε</em></strong></span> <span class='ocrx_word' id='word_1_9' title='bbox 2041 434 2301 516; x_wconf 84' lang='grc' dir='ltr'><strong><em>ἀκοῇ-</em></strong></span> <span class='ocrx_word' id='word_1_10' title='bbox 2332 433 2485 498; x_wconf 86' lang='grc' dir='ltr'><strong><em>ἀλλ’</em></strong></span> <span class='ocrx_word' id='word_1_11' title='bbox 2526 427 2665 497; x_wconf 71' lang='grc' dir='ltr'><strong><em>ὅσον</em></strong></span> <span class='ocrx_word' id='word_1_12' title='bbox 2723 432 2883 508; x_wconf 72' lang='grc' dir='ltr'><strong><em>μὲν</em></strong></span> <span class='ocrx_word' id='word_1_13' title='bbox 2916 433 3127 508; x_wconf 72' lang='grc' dir='ltr'><strong><em>ἡμεῖς</em></strong></span> 
     </span>
     <span class='ocr_line' id='line_1_3' title="bbox 624 536 3121 626; baseline -0.003 -17"><span class='ocrx_word' id='word_1_14' title='bbox 624 541 922 625; x_wconf 89' lang='grc' dir='ltr'><strong><em>ἀτρεκέως</em></strong></span> <span class='ocrx_word' id='word_1_15' title='bbox 989 543 1091 610; x_wconf 73' lang='grc' dir='ltr'><strong><em>ἐπὶ</em></strong></span> <span class='ocrx_word' id='word_1_16' title='bbox 1158 541 1550 622; x_wconf 72' lang='grc' dir='ltr'><strong><em>μακρότατον</em></strong></span> <span class='ocrx_word' id='word_1_17' title='bbox 1600 536 1712 606; x_wconf 75' lang='grc' dir='ltr'><strong><em>οἷοί</em></strong></span> <span class='ocrx_word' id='word_1_18' title='bbox 1756 567 1829 606; x_wconf 93' lang='grc' dir='ltr'><strong><em>τε</em></strong></span> <span class='ocrx_word' id='word_1_19' title='bbox 1879 538 2219 618; x_wconf 72' lang='grc' dir='ltr'><strong><em>ἐγενόμεθα</em></strong></span> <span class='ocrx_word' id='word_1_20' title='bbox 2272 538 2479 626; x_wconf 81' lang='grc' dir='ltr'><strong><em>[ἀκοῇ]</em></strong></span> <span class='ocrx_word' id='word_1_21' title='bbox 2536 539 2911 617; x_wconf 75' lang='grc' dir='ltr'><strong><em>ἐξικέσθαι</em></strong></span> <span class='ocrx_word' id='word_1_22' title='bbox 2970 543 3121 602; x_wconf 74' lang='grc' dir='ltr'><strong><em>πᾶν</em></strong></span> 
     </span>
     <span class='ocr_line' id='line_1_4' title="bbox 625 651 952 733; baseline -0.003 -18"><span class='ocrx_word' id='word_1_23' title='bbox 625 651 952 733; x_wconf 69' lang='grc' dir='ltr'><strong><em>εἰρήσεται.</em></strong></span> 
     </span>
    </p>

    <p class='ocr_par' dir='ltr' id='par_1_3' title="bbox 622 749 3111 1161">
     <span class='ocr_line' id='line_1_5' title="bbox 713 749 3111 842; baseline -0.002 -20"><span class='ocrx_word' id='word_1_24' title='bbox 713 755 989 822; x_wconf 80' lang='lat' dir='ltr'><strong>Moleste</strong></span> <span class='ocrx_word' id='word_1_25' title='bbox 1035 756 1380 842; x_wconf 87' lang='lat' dir='ltr'>repetitum</span> <span class='ocrx_word' id='word_1_26' title='bbox 1426 756 1581 837; x_wconf 92' lang='grc' dir='ltr'><strong><em>ἀκοῇ</em></strong></span> <span class='ocrx_word' id='word_1_27' title='bbox 1630 759 1886 822; x_wconf 85' lang='lat' dir='ltr'>auctore</span> <span class='ocrx_word' id='word_1_28' title='bbox 1927 749 2158 822; x_wconf 82' lang='lat' dir='ltr'>Codice</span> <span class='ocrx_word' id='word_1_29' title='bbox 2199 751 2511 819; x_wconf 84' lang='lat' dir='ltr'>Vaticano</span> <span class='ocrx_word' id='word_1_30' title='bbox 2550 752 3111 819; x_wconf 78' lang='lat' dir='ltr'>eliminandum</span> 
     </span>
     <span class='ocr_line' id='line_1_6' title="bbox 625 860 3098 943; baseline -0.002 -13"><span class='ocrx_word' id='word_1_31' title='bbox 625 869 740 932; x_wconf 87' lang='lat' dir='ltr'>est.</span> <span class='ocrx_word' id='word_1_32' title='bbox 809 863 1080 930; x_wconf 78' lang='lat' dir='ltr'>Perinde</span> <span class='ocrx_word' id='word_1_33' title='bbox 1148 869 1245 928; x_wconf 88' lang='lat' dir='ltr'><strong><em>est</em></strong></span> <span class='ocrx_word' id='word_1_34' title='bbox 1312 865 1383 928; x_wconf 91' lang='lat' dir='ltr'>in</span> <span class='ocrx_word' id='word_1_35' title='bbox 1449 863 1569 929; x_wconf 89' lang='lat' dir='ltr'>hac</span> <span class='ocrx_word' id='word_1_36' title='bbox 1636 861 1977 928; x_wconf 87' lang='lat' dir='ltr'>locutione·</span> <span class='ocrx_word' id='word_1_37' title='bbox 2028 862 2181 943; x_wconf 89' lang='grc' dir='ltr'><strong><em>ἀκοῇ</em></strong></span> <span class='ocrx_word' id='word_1_38' title='bbox 2250 860 2477 926; x_wconf 80' lang='lat' dir='ltr'>addere</span> <span class='ocrx_word' id='word_1_39' title='bbox 2540 867 2652 927; x_wconf 88' lang='lat' dir='ltr'><strong><em>aut</em></strong></span> <span class='ocrx_word' id='word_1_40' title='bbox 2700 861 3098 926; x_wconf 79' lang='lat' dir='ltr'>omittere.</span> 
     </span>
     <span class='ocr_line' id='line_1_7' title="bbox 623 965 3099 1047; baseline -0.003 -11"><span class='ocrx_word' id='word_1_41' title='bbox 623 970 860 1038; x_wconf 80' lang='lat' dir='ltr'>Herod.</span> <span class='ocrx_word' id='word_1_42' title='bbox 916 969 972 1035; x_wconf 92' lang='grc' dir='ltr'><strong><em>Ι.</em></strong></span> <span class='ocrx_word' id='word_1_43' title='bbox 1041 967 1206 1036; x_wconf 84' lang='lat'>1¹71:</span> <span class='ocrx_word' id='word_1_44' title='bbox 1271 965 1403 1034; x_wconf 76' lang='grc' dir='ltr'><strong><em>ὅσον</em></strong></span> <span class='ocrx_word' id='word_1_45' title='bbox 1454 1007 1536 1018; x_wconf 92' lang='lat'><strong><em>·—</em></strong></span> <span class='ocrx_word' id='word_1_46' title='bbox 1586 968 1842 1041; x_wconf 86' lang='grc' dir='ltr'><strong><em>δυνατός</em></strong></span> <span class='ocrx_word' id='word_1_47' title='bbox 1909 969 2035 1045; x_wconf 76' lang='grc' dir='ltr'><strong><em>εἶμι</em></strong></span> <span class='ocrx_word' id='word_1_48' title='bbox 2102 967 2205 1032; x_wconf 73' lang='grc' dir='ltr'><strong><em>ἐπὶ</em></strong></span> <span class='ocrx_word' id='word_1_49' title='bbox 2271 965 2660 1047; x_wconf 70' lang='grc' dir='ltr'><strong><em>μακρότατον</em></strong></span> <span class='ocrx_word' id='word_1_50' title='bbox 2714 967 3099 1043; x_wconf 76' lang='grc' dir='ltr'><strong><em>ἐξικέσθαι</em></strong></span> 
     </span>
     <span class='ocr_line' id='line_1_8' title="bbox 622 1071 3085 1161; baseline -0.002 -18"><span class='ocrx_word' id='word_1_51' title='bbox 622 1077 799 1160; x_wconf 86' lang='grc' dir='ltr'><strong><em>ἀκοῇ.</em></strong></span> <span class='ocrx_word' id='word_1_52' title='bbox 847 1077 938 1144; x_wconf 91' lang='lat' dir='ltr'><strong><em>II.</em></strong></span> <span class='ocrx_word' id='word_1_53' title='bbox 989 1076 1113 1142; x_wconf 78' lang='lat'><strong><em>29:</em></strong></span> <span class='ocrx_word' id='word_1_54' title='bbox 1163 1075 1405 1142; x_wconf 89' lang='grc' dir='ltr'><strong><em>τοσόνδε</em></strong></span> <span class='ocrx_word' id='word_1_55' title='bbox 1452 1073 1612 1141; x_wconf 78' lang='grc' dir='ltr'><strong><em>ἀλλο</em></strong></span> <span class='ocrx_word' id='word_1_56' title='bbox 1665 1075 1764 1140; x_wconf 77' lang='grc' dir='ltr'><strong><em>ἐπὶ</em></strong></span> <span class='ocrx_word' id='word_1_57' title='bbox 1813 1072 2209 1154; x_wconf 79' lang='grc' dir='ltr'><strong><em>μακρότατον</em></strong></span> <span class='ocrx_word' id='word_1_58' title='bbox 2263 1073 2590 1150; x_wconf 79' lang='grc' dir='ltr'><strong><em>έπυθόμην.</em></strong></span> <span class='ocrx_word' id='word_1_59' title='bbox 2639 1073 2996 1161; x_wconf 80' lang='lat' dir='ltr'><strong><em>Thucyd.</em></strong></span> <span class='ocrx_word' id='word_1_60' title='bbox 3028 1071 3085 1138; x_wconf 84' lang='lat' dir='ltr'><strong><em>I.</em></strong></span> 
     </span>
    </p>

    <p class='ocr_par' dir='ltr' id='par_1_4' title="bbox 628 1159 3300 1264">
     <span class='ocr_line' id='line_1_9' title="bbox 628 1159 3300 1264; baseline -0.004 -14"><span class='ocrx_word' id='word_1_61' title='bbox 628 1184 703 1250; x_wconf 89' lang='lat' dir='ltr'><strong><em>l:</em></strong></span> <span class='ocrx_word' id='word_1_62' title='bbox 759 1183 862 1249; x_wconf 74' lang='grc' dir='ltr'><strong><em>ἐπὶ</em></strong></span> <span class='ocrx_word' id='word_1_63' title='bbox 913 1183 1300 1264; x_wconf 80' lang='grc' dir='ltr'><strong><em>μακρότατον</em></strong></span> <span class='ocrx_word' id='word_1_64' title='bbox 1346 1183 1676 1249; x_wconf 78' lang='grc' dir='ltr'><strong><em>σκοποῦντί</em></strong></span> <span class='ocrx_word' id='word_1_65' title='bbox 1725 1206 1828 1259; x_wconf 92' lang='grc' dir='ltr'><strong><em>μοι</em></strong></span> <span class='ocrx_word' id='word_1_66' title='bbox 1877 1186 2169 1250; x_wconf 74' lang='grc' dir='ltr'><strong><em>πιςεῦσαι</em></strong></span> <span class='ocrx_word' id='word_1_67' title='bbox 2218 1177 2578 1259; x_wconf 76' lang='grc' dir='ltr'><strong><em>ξυμβαίνει.</em></strong></span> <span class='ocrx_word' id='word_1_68' title='bbox 3298 1159 3300 1238; x_wconf 69' lang='grc' dir='ltr'>Ι</span> 
     </span>
    </p>
   </div>
   <div class='ocr_carea' id='block_1_3' title="bbox 621 1395 3077 1688">
    <p class='ocr_par' dir='ltr' id='par_1_5' title="bbox 621 1395 3077 1688">
     <span class='ocr_line' id='line_1_10' title="bbox 714 1395 3077 1482; baseline -0.002 -17"><span class='ocrx_word' id='word_1_69' title='bbox 714 1398 820 1465; x_wconf 82' lang='lat' dir='ltr'><strong><em>IV.</em></strong></span> <span class='ocrx_word' id='word_1_70' title='bbox 903 1398 1016 1467; x_wconf 88' lang='lat'>1¹7:</span> <span class='ocrx_word' id='word_1_71' title='bbox 1107 1397 1600 1481; x_wconf 72' lang='grc' dir='ltr'><strong><em>Βορυσθενεϊτέων</em></strong></span> <span class='ocrx_word' id='word_1_72' title='bbox 1668 1403 1735 1463; x_wconf 82' lang='lat' dir='ltr'><strong><em>et</em></strong></span> <span class='ocrx_word' id='word_1_73' title='bbox 1804 1418 1937 1482; x_wconf 80' lang='lat' dir='ltr'>cap.</span> <span class='ocrx_word' id='word_1_74' title='bbox 2016 1395 2135 1462; x_wconf 86' lang='lat'><strong><em>18:</em></strong></span> <span class='ocrx_word' id='word_1_75' title='bbox 2213 1396 2675 1477; x_wconf 77' lang='grc' dir='ltr'><strong><em>Βορυσθενεΐτας</em></strong></span> <span class='ocrx_word' id='word_1_76' title='bbox 2754 1399 3077 1462; x_wconf 72' lang='lat' dir='ltr'>vitiosae</span> 
     </span>
     <span class='ocr_line' id='line_1_11' title="bbox 621 1501 3070 1586; baseline -0.002 -12"><span class='ocrx_word' id='word_1_77' title='bbox 621 1508 862 1576; x_wconf 73' lang='lat' dir='ltr'>formae</span> <span class='ocrx_word' id='word_1_78' title='bbox 924 1513 1093 1575; x_wconf 81' lang='lat' dir='ltr'>aunt.</span> <span class='ocrx_word' id='word_1_79' title='bbox 1179 1506 1390 1574; x_wconf 81' lang='lat' dir='ltr'>Proba</span> <span class='ocrx_word' id='word_1_80' title='bbox 1448 1504 1640 1572; x_wconf 84' lang='lat' dir='ltr'>lectio</span> <span class='ocrx_word' id='word_1_81' title='bbox 1703 1509 1800 1572; x_wconf 80' lang='lat' dir='ltr'><strong><em>est</em></strong></span> <span class='ocrx_word' id='word_1_82' title='bbox 1856 1505 1926 1568; x_wconf 87' lang='lat' dir='ltr'>in</span> <span class='ocrx_word' id='word_1_83' title='bbox 1972 1503 2063 1570; x_wconf 85' lang='lat' dir='ltr'><strong><em>R:</em></strong></span> <span class='ocrx_word' id='word_1_84' title='bbox 2115 1501 2574 1584; x_wconf 84' lang='grc' dir='ltr'><strong><em>Βορυσθενιτέων</em></strong></span> <span class='ocrx_word' id='word_1_85' title='bbox 2623 1507 2688 1568; x_wconf 85' lang='lat' dir='ltr'><strong><em>et</em></strong></span> <span class='ocrx_word' id='word_1_86' title='bbox 2736 1503 3070 1586; x_wconf 85' lang='grc' dir='ltr'><strong><em>Βορυσθε-</em></strong></span> 
     </span>
     <span class='ocr_line' id='line_1_12' title="bbox 625 1615 816 1688; baseline 0.005 -8"><span class='ocrx_word' id='word_1_87' title='bbox 625 1615 816 1688; x_wconf 80' lang='grc' dir='ltr'><strong><em>νίτας.</em></strong></span> 
     </span>
    </p>
   </div>
   <div class='ocr_carea' id='block_1_4' title="bbox 618 1825 3280 4467">
    <p class='ocr_par' dir='ltr' id='par_1_6' title="bbox 625 1825 3056 2122">
     <span class='ocr_line' id='line_1_13' title="bbox 715 1825 3053 1907; baseline -0.003 -11"><span class='ocrx_word' id='word_1_88' title='bbox 715 1827 830 1896; x_wconf 83' lang='lat' dir='ltr'><strong><em>IV.</em></strong></span> <span class='ocrx_word' id='word_1_89' title='bbox 885 1826 970 1895; x_wconf 87' lang='lat'><strong><em>1¹7</em></strong></span> <span class='ocrx_word' id='word_1_90' title='bbox 991 1845 1005 1892; x_wconf 75' lang='grc' dir='ltr'><em>τ</em></span> <span class='ocrx_word' id='word_1_91' title='bbox 1055 1827 1182 1892; x_wconf 78' lang='grc' dir='ltr'><strong><em>ἀπὸ</em></strong></span> <span class='ocrx_word' id='word_1_92' title='bbox 1232 1831 1338 1892; x_wconf 82' lang='grc' dir='ltr'><strong><em>τοῦ</em></strong></span> <span class='ocrx_word' id='word_1_93' title='bbox 1388 1825 1847 1907; x_wconf 84' lang='grc' dir='ltr'><strong><em>Βορυσθενιτέων</em></strong></span> <span class='ocrx_word' id='word_1_94' title='bbox 1897 1826 2183 1907; x_wconf 76' lang='grc' dir='ltr'><strong><em>ἐμπορίου</em></strong></span> <span class='ocrx_word' id='word_1_95' title='bbox 2212 1861 2297 1875; x_wconf 89' lang='grc'>-</span> <span class='ocrx_word' id='word_1_96' title='bbox 2322 1827 2543 1905; x_wconf 80' lang='grc' dir='ltr'><strong><em>πρῶτοι</em></strong></span> <span class='ocrx_word' id='word_1_97' title='bbox 2570 1826 3053 1892; x_wconf 70' lang='grc' dir='ltr'><strong><em>Καλλιππίδαι</em></strong></span> 
     </span>
     <span class='ocr_line' id='line_1_14' title="bbox 626 1922 3056 2015; baseline -0.003 -14"><span class='ocrx_word' id='word_1_98' title='bbox 626 1935 914 2014; x_wconf 83' lang='grc' dir='ltr'><strong><em>νέμονται</em></strong></span> <span class='ocrx_word' id='word_1_99' title='bbox 978 1931 1178 2003; x_wconf 70' lang='grc' dir='ltr'><strong><em>ἐόντες</em></strong></span> <span class='ocrx_word' id='word_1_100' title='bbox 1237 1930 1546 2008; x_wconf 79' lang='grc' dir='ltr'><strong><em>Ἕλληνες</em></strong></span> <span class='ocrx_word' id='word_1_101' title='bbox 1609 1931 1886 2010; x_wconf 86' lang='grc' dir='ltr'><strong><em>Σκύθαι,</em></strong></span> <span class='ocrx_word' id='word_1_102' title='bbox 1954 1934 2098 2015; x_wconf 78' lang='grc' dir='ltr'><strong><em>ὑπὲρ</em></strong></span> <span class='ocrx_word' id='word_1_103' title='bbox 2161 1933 2224 1999; x_wconf 80' lang='grc' dir='ltr'><strong><em>δὲ</em></strong></span> <span class='ocrx_word' id='word_1_104' title='bbox 2268 1935 2498 2000; x_wconf 87' lang='grc' dir='ltr'><strong><em>τούτων</em></strong></span> <span class='ocrx_word' id='word_1_105' title='bbox 2547 1930 2709 1998; x_wconf 80' lang='grc' dir='ltr'><strong><em>ἄλλο</em></strong></span> <span class='ocrx_word' id='word_1_106' title='bbox 2758 1933 2941 2006; x_wconf 80' lang='grc' dir='ltr'><strong><em>ἔθνος</em></strong></span> <span class='ocrx_word' id='word_1_107' title='bbox 2997 1922 3056 1996; x_wconf 76' lang='grc' dir='ltr'><strong><em>οἳ</em></strong></span> 
     </span>
     <span class='ocr_line' id='line_1_15' title="bbox 625 2037 1365 2122; baseline 0 -16"><span class='ocrx_word' id='word_1_108' title='bbox 625 2039 961 2122; x_wconf 86' lang='grc' dir='ltr'><strong><em>Ἀλαζόνες</em></strong></span> <span class='ocrx_word' id='word_1_109' title='bbox 1011 2037 1365 2106; x_wconf 79' lang='grc' dir='ltr'><strong><em>καλέονται.</em></strong></span> 
     </span>
    </p>

    <p class='ocr_par' dir='ltr' id='par_1_7' title="bbox 618 2145 3280 4467">
     <span class='ocr_line' id='line_1_16' title="bbox 715 2145 3043 2233; baseline -0.002 -20"><span class='ocrx_word' id='word_1_110' title='bbox 715 2147 886 2214; x_wconf 82' lang='lat' dir='ltr'>Fieri</span> <span class='ocrx_word' id='word_1_111' title='bbox 929 2166 1056 2213; x_wconf 87' lang='lat' dir='ltr'><strong><em>non</em></strong></span> <span class='ocrx_word' id='word_1_112' title='bbox 1102 2151 1311 2233; x_wconf 87' lang='lat' dir='ltr'>potest</span> <span class='ocrx_word' id='word_1_113' title='bbox 1357 2153 1432 2211; x_wconf 86' lang='lat' dir='ltr'>ut</span> <span class='ocrx_word' id='word_1_114' title='bbox 1478 2167 1629 2211; x_wconf 84' lang='lat' dir='ltr'>sana</span> <span class='ocrx_word' id='word_1_115' title='bbox 1675 2148 1762 2210; x_wconf 89' lang='lat' dir='ltr'><strong><em>sit</em></strong></span> <span class='ocrx_word' id='word_1_116' title='bbox 1808 2147 2121 2232; x_wconf 87' lang='lat' dir='ltr'>scriptura</span> <span class='ocrx_word' id='word_1_117' title='bbox 2167 2145 2367 2220; x_wconf 74' lang='grc' dir='ltr'><strong><em>ἐόντες</em></strong></span> <span class='ocrx_word' id='word_1_118' title='bbox 2410 2145 2717 2221; x_wconf 78' lang='grc' dir='ltr'><strong><em>Ἕλληνες</em></strong></span> <span class='ocrx_word' id='word_1_119' title='bbox 2760 2146 3043 2213; x_wconf 82' lang='grc' dir='ltr'><strong><em>Σκύθαι.</em></strong></span> 
     </span>
     <span class='ocr_line' id='line_1_17' title="bbox 627 2249 3042 2340; baseline -0.001 -20"><span class='ocrx_word' id='word_1_120' title='bbox 627 2253 771 2320; x_wconf 87' lang='lat' dir='ltr'><strong><em>Non</em></strong></span> <span class='ocrx_word' id='word_1_121' title='bbox 831 2259 1125 2340; x_wconf 79' lang='lat' dir='ltr'>poterant</span> <span class='ocrx_word' id='word_1_122' title='bbox 1170 2251 1368 2318; x_wconf 89' lang='lat' dir='ltr'>simul</span> <span class='ocrx_word' id='word_1_123' title='bbox 1415 2259 1480 2317; x_wconf 92' lang='lat' dir='ltr'><strong><em>et</em></strong></span> <span class='ocrx_word' id='word_1_124' title='bbox 1525 2249 1757 2319; x_wconf 84' lang='lat' dir='ltr'>Graeci</span> <span class='ocrx_word' id='word_1_125' title='bbox 1805 2273 1940 2318; x_wconf 89' lang='lat' dir='ltr'>esse</span> <span class='ocrx_word' id='word_1_126' title='bbox 1988 2259 2052 2318; x_wconf 88' lang='lat' dir='ltr'><strong><em>et</em></strong></span> <span class='ocrx_word' id='word_1_127' title='bbox 2098 2251 2397 2340; x_wconf 83' lang='lat' dir='ltr'>Scythae.</span> <span class='ocrx_word' id='word_1_128' title='bbox 2445 2253 2634 2319; x_wconf 88' lang='lat' dir='ltr'>Clara</span> <span class='ocrx_word' id='word_1_129' title='bbox 2678 2251 2795 2319; x_wconf 86' lang='lat' dir='ltr'><strong><em>lux</em></strong></span> <span class='ocrx_word' id='word_1_130' title='bbox 2848 2251 3042 2320; x_wconf 83' lang='lat' dir='ltr'>afful-</span> 
     </span>
     <span class='ocr_line' id='line_1_18' title="bbox 624 2357 3040 2449; baseline -0.002 -22"><span class='ocrx_word' id='word_1_131' title='bbox 624 2367 738 2448; x_wconf 84' lang='lat' dir='ltr'><strong><em>get</em></strong></span> <span class='ocrx_word' id='word_1_132' title='bbox 785 2382 862 2426; x_wconf 85' lang='lat' dir='ltr'>ex</span> <span class='ocrx_word' id='word_1_133' title='bbox 909 2359 1042 2428; x_wconf 88' lang='lat' dir='ltr'>solo</span> <span class='ocrx_word' id='word_1_134' title='bbox 1093 2357 1322 2427; x_wconf 83' lang='lat' dir='ltr'>Codice</span> <span class='ocrx_word' id='word_1_135' title='bbox 1369 2359 1451 2438; x_wconf 83' lang='lat' dir='ltr'><strong><em>R,</em></strong></span> <span class='ocrx_word' id='word_1_136' title='bbox 1503 2363 1570 2426; x_wconf 91' lang='lat' dir='ltr'>in</span> <span class='ocrx_word' id='word_1_137' title='bbox 1618 2381 1743 2446; x_wconf 91' lang='lat' dir='ltr'><strong><em>quo</em></strong></span> <span class='ocrx_word' id='word_1_138' title='bbox 1790 2358 2033 2449; x_wconf 82' lang='lat' dir='ltr'>legitur</span> <span class='ocrx_word' id='word_1_139' title='bbox 2084 2360 2281 2433; x_wconf 79' lang='grc' dir='ltr'><strong><em>ἐόντες</em></strong></span> <span class='ocrx_word' id='word_1_140' title='bbox 2347 2361 3040 2436; x_wconf 71' lang='grc' dir='ltr'><strong><em>Ἐλληνοσκύθαι.</em></strong></span> 
     </span>
     <span class='ocr_line' id='line_1_19' title="bbox 623 2465 3273 2555; baseline -0.001 -21"><span class='ocrx_word' id='word_1_141' title='bbox 623 2467 768 2536; x_wconf 84' lang='lat' dir='ltr'><strong><em>Non</em></strong></span> <span class='ocrx_word' id='word_1_142' title='bbox 838 2475 1017 2536; x_wconf 85' lang='lat' dir='ltr'>erant</span> <span class='ocrx_word' id='word_1_143' title='bbox 1088 2471 1259 2534; x_wconf 92' lang='lat' dir='ltr'>enim</span> <span class='ocrx_word' id='word_1_144' title='bbox 1323 2488 1527 2555; x_wconf 89' lang='lat' dir='ltr'>neque</span> <span class='ocrx_word' id='word_1_145' title='bbox 1589 2465 1819 2534; x_wconf 82' lang='lat' dir='ltr'>Graeci</span> <span class='ocrx_word' id='word_1_146' title='bbox 1881 2488 2085 2553; x_wconf 89' lang='lat' dir='ltr'>neque</span> <span class='ocrx_word' id='word_1_147' title='bbox 2144 2467 2416 2552; x_wconf 80' lang='lat' dir='ltr'>Scythae</span> <span class='ocrx_word' id='word_1_148' title='bbox 2437 2519 2452 2543; x_wconf 87' lang='lat'>,</span> <span class='ocrx_word' id='word_1_149' title='bbox 2503 2469 2612 2534; x_wconf 88' lang='lat' dir='ltr'><strong><em>sed</em></strong></span> <span class='ocrx_word' id='word_1_150' title='bbox 2659 2491 2729 2533; x_wconf 77' lang='lat' dir='ltr'>ea·</span> <span class='ocrx_word' id='word_1_151' title='bbox 2775 2479 3038 2555; x_wconf 69' lang='lat' dir='ltr'>utroque</span> <span class='ocrx_word' id='word_1_152' title='bbox 3260 2481 3273 2517; x_wconf 60' lang='lat'>³</span> 
     </span>
     <span class='ocr_line' id='line_1_20' title="bbox 619 2571 3035 2663; baseline -0.001 -20"><span class='ocrx_word' id='word_1_153' title='bbox 619 2600 836 2659; x_wconf 63' lang='lat' dir='ltr'><strong><em>‚qo-nere</em></strong></span> <span class='ocrx_word' id='word_1_154' title='bbox 881 2582 1080 2652; x_wconf 65' lang='lat' dir='ltr'>mia-ti,</span> <span class='ocrx_word' id='word_1_155' title='bbox 1129 2575 1264 2643; x_wconf 85' lang='lat' dir='ltr'>nati</span> <span class='ocrx_word' id='word_1_156' title='bbox 1306 2598 1383 2643; x_wconf 82' lang='lat' dir='ltr'>ex</span> <span class='ocrx_word' id='word_1_157' title='bbox 1429 2573 1690 2663; x_wconf 81' lang='lat' dir='ltr'>Scythis</span> <span class='ocrx_word' id='word_1_158' title='bbox 1741 2582 1807 2641; x_wconf 91' lang='lat' dir='ltr'><strong><em>et</em></strong></span> <span class='ocrx_word' id='word_1_159' title='bbox 1854 2597 1931 2641; x_wconf 82' lang='lat' dir='ltr'>ex</span> <span class='ocrx_word' id='word_1_160' title='bbox 1979 2571 2241 2642; x_wconf 80' lang='lat' dir='ltr'>Graecis</span> <span class='ocrx_word' id='word_1_161' title='bbox 2287 2575 2684 2643; x_wconf 88' lang='lat' dir='ltr'>mulieribus.</span> <span class='ocrx_word' id='word_1_162' title='bbox 2750 2573 3035 2644; x_wconf 80' lang='lat' dir='ltr'>Crebrae</span> 
     </span>
     <span class='ocr_line' id='line_1_21' title="bbox 624 2681 3035 2771; baseline -0.001 -22"><span class='ocrx_word' id='word_1_163' title='bbox 624 2687 794 2749; x_wconf 91' lang='lat' dir='ltr'>enim</span> <span class='ocrx_word' id='word_1_164' title='bbox 861 2682 1199 2749; x_wconf 87' lang='lat' dir='ltr'>affinitates</span> <span class='ocrx_word' id='word_1_165' title='bbox 1261 2703 1340 2748; x_wconf 83' lang='lat' dir='ltr'>ex</span> <span class='ocrx_word' id='word_1_166' title='bbox 1397 2683 1870 2768; x_wconf 78' lang='lat' dir='ltr'>propinquitate</span> <span class='ocrx_word' id='word_1_167' title='bbox 1930 2681 2217 2747; x_wconf 89' lang='lat' dir='ltr'>locorum</span> <span class='ocrx_word' id='word_1_168' title='bbox 2263 2684 2694 2771; x_wconf 82' lang='lat' dir='ltr'>iungebantur</span> <span class='ocrx_word' id='word_1_169' title='bbox 2738 2705 2858 2750; x_wconf 85' lang='lat' dir='ltr'>nec</span> <span class='ocrx_word' id='word_1_170' title='bbox 2910 2684 3035 2748; x_wconf 91' lang='lat' dir='ltr'>mi-</span> 
     </span>
     <span class='ocr_line' id='line_1_22' title="bbox 624 2785 3029 2876; baseline -0 -21"><span class='ocrx_word' id='word_1_171' title='bbox 624 2811 768 2855; x_wconf 88' lang='lat' dir='ltr'><strong><em>rum</em></strong></span> <span class='ocrx_word' id='word_1_172' title='bbox 847 2789 1118 2857; x_wconf 83' lang='lat' dir='ltr'>Graecas</span> <span class='ocrx_word' id='word_1_173' title='bbox 1186 2787 1490 2853; x_wconf 89' lang='lat' dir='ltr'>mulieres</span> <span class='ocrx_word' id='word_1_174' title='bbox 1559 2785 1867 2852; x_wconf 87' lang='lat' dir='ltr'>formosas</span> <span class='ocrx_word' id='word_1_175' title='bbox 1938 2794 2003 2853; x_wconf 91' lang='lat' dir='ltr'><strong><em>et</em></strong></span> <span class='ocrx_word' id='word_1_176' title='bbox 2061 2790 2426 2876; x_wconf 84' lang='lat' dir='ltr'>ingeniosas</span> <span class='ocrx_word' id='word_1_177' title='bbox 2490 2790 2775 2856; x_wconf 88' lang='lat' dir='ltr'>barbaris</span> <span class='ocrx_word' id='word_1_178' title='bbox 2825 2792 3029 2857; x_wconf 86' lang='lat' dir='ltr'>fuisse</span> 
     </span>
     <span class='ocr_line' id='line_1_23' title="bbox 622 2892 3027 2982; baseline 0.001 -21"><span class='ocrx_word' id='word_1_179' title='bbox 622 2898 922 2982; x_wconf 89' lang='lat' dir='ltr'>potiores.</span> <span class='ocrx_word' id='word_1_180' title='bbox 1019 2892 1389 2979; x_wconf 86' lang='lat' dir='ltr'>Composita.</span> <span class='ocrx_word' id='word_1_181' title='bbox 1435 2892 1802 2957; x_wconf 80' lang='lat' dir='ltr'>istiusmodi</span> <span class='ocrx_word' id='word_1_182' title='bbox 1848 2893 2176 2977; x_wconf 86' lang='lat' dir='ltr'>permulta</span> <span class='ocrx_word' id='word_1_183' title='bbox 2226 2902 2409 2974; x_wconf 85' lang='lat' dir='ltr'>sunt,</span> <span class='ocrx_word' id='word_1_184' title='bbox 2460 2900 2534 2961; x_wconf 93' lang='lat' dir='ltr'>ut</span> <span class='ocrx_word' id='word_1_185' title='bbox 2582 2896 3027 2977; x_wconf 75' lang='grc' dir='ltr'><strong><em>Λιβυφοίνικες</em></strong></span> 
     </span>
     <span class='ocr_line' id='line_1_24' title="bbox 623 2999 3018 3088; baseline -0.002 -21"><span class='ocrx_word' id='word_1_186' title='bbox 623 3002 792 3086; x_wconf 84' lang='lat' dir='ltr'>apud</span> <span class='ocrx_word' id='word_1_187' title='bbox 832 3000 1230 3088; x_wconf 77' lang='lat' dir='ltr'>Stephanum</span> <span class='ocrx_word' id='word_1_188' title='bbox 1271 3020 1334 3065; x_wconf 84' lang='lat' dir='ltr'><strong><em>v.</em></strong></span> <span class='ocrx_word' id='word_1_189' title='bbox 1379 2999 1659 3071; x_wconf 75' lang='grc' dir='ltr'><strong><em>Κανθήλη</em></strong></span> <span class='ocrx_word' id='word_1_190' title='bbox 1686 3045 1703 3076; x_wconf 86' lang='grc'><em>,</em></span> <span class='ocrx_word' id='word_1_191' title='bbox 1743 3002 2169 3079; x_wconf 82' lang='grc' dir='ltr'><strong><em>Ταυροσκύθαι</em></strong></span> <span class='ocrx_word' id='word_1_192' title='bbox 2214 3002 2381 3086; x_wconf 90' lang='lat' dir='ltr'>apud</span> <span class='ocrx_word' id='word_1_193' title='bbox 2421 3000 2773 3077; x_wconf 73' lang='lat' dir='ltr'>Zenobiam</span> <span class='ocrx_word' id='word_1_194' title='bbox 2800 3002 2879 3068; x_wconf 90' lang='lat' dir='ltr'><strong><em>V.</em></strong></span> <span class='ocrx_word' id='word_1_195' title='bbox 2914 3001 3018 3069; x_wconf 81' lang='lat'><strong><em>25.</em></strong></span> 
     </span>
     <span class='ocr_line' id='line_1_25' title="bbox 621 3103 3020 3190; baseline 0.002 -19"><span class='ocrx_word' id='word_1_196' title='bbox 621 3106 1176 3184; x_wconf 67' lang='grc' dir='ltr'><strong><em>Ἑλληνογαλάται</em></strong></span> <span class='ocrx_word' id='word_1_197' title='bbox 1225 3103 1391 3190; x_wconf 85' lang='lat' dir='ltr'>apud</span> <span class='ocrx_word' id='word_1_198' title='bbox 1442 3103 1797 3171; x_wconf 88' lang='lat' dir='ltr'>Diodorum</span> <span class='ocrx_word' id='word_1_199' title='bbox 1844 3103 2141 3171; x_wconf 89' lang='lat' dir='ltr'>Siculum</span> <span class='ocrx_word' id='word_1_200' title='bbox 2188 3103 2266 3172; x_wconf 83' lang='lat' dir='ltr'><strong><em>V.</em></strong></span> <span class='ocrx_word' id='word_1_201' title='bbox 2318 3104 2441 3171; x_wconf 83' lang='lat'><strong><em>32:</em></strong></span> <span class='ocrx_word' id='word_1_202' title='bbox 2493 3108 2543 3172; x_wconf 83' lang='grc' dir='ltr'><strong><em>οἱ</em></strong></span> <span class='ocrx_word' id='word_1_203' title='bbox 2596 3109 2699 3175; x_wconf 77' lang='grc' dir='ltr'><strong><em>διὰ</em></strong></span> <span class='ocrx_word' id='word_1_204' title='bbox 2740 3113 2851 3184; x_wconf 66' lang='grc' dir='ltr'><strong><em>τῆν</em></strong></span> <span class='ocrx_word' id='word_1_205' title='bbox 2874 3109 3020 3190; x_wconf 76' lang='grc' dir='ltr'><strong><em>πρὸς</em></strong></span> 
     </span>
     <span class='ocr_line' id='line_1_26' title="bbox 620 3210 3021 3301; baseline 0 -23"><span class='ocrx_word' id='word_1_206' title='bbox 620 3213 764 3285; x_wconf 86' lang='grc' dir='ltr'><strong><em>τοὺς</em></strong></span> <span class='ocrx_word' id='word_1_207' title='bbox 819 3210 1136 3287; x_wconf 71' lang='grc' dir='ltr'><strong><em>Ἕλληνας</em></strong></span> <span class='ocrx_word' id='word_1_208' title='bbox 1193 3211 1562 3286; x_wconf 51' lang='grc' dir='ltr'><strong><em>ἐπιπλοκὴν,</em></strong></span> <span class='ocrx_word' id='word_1_209' title='bbox 1597 3211 2158 3290; x_wconf 70' lang='grc' dir='ltr'><strong><em>Ἐλληνογαλάται</em></strong></span> <span class='ocrx_word' id='word_1_210' title='bbox 2213 3212 2559 3286; x_wconf 75' lang='grc' dir='ltr'><strong><em>κληθέντες.</em></strong></span> <span class='ocrx_word' id='word_1_211' title='bbox 2655 3216 2846 3301; x_wconf 85' lang='lat' dir='ltr'>Apud</span> <span class='ocrx_word' id='word_1_212' title='bbox 2891 3214 3021 3281; x_wconf 87' lang='lat' dir='ltr'>He-</span> 
     </span>
     <span class='ocr_line' id='line_1_27' title="bbox 619 3316 3016 3407; baseline 0.001 -25"><span class='ocrx_word' id='word_1_213' title='bbox 619 3318 916 3384; x_wconf 89' lang='lat' dir='ltr'>rodotum</span> <span class='ocrx_word' id='word_1_214' title='bbox 981 3316 1062 3383; x_wconf 89' lang='grc' dir='ltr'><strong><em>ΙΙ.</em></strong></span> <span class='ocrx_word' id='word_1_215' title='bbox 1134 3316 1283 3381; x_wconf 85' lang='grc'><strong><em>154.</em></strong></span> <span class='ocrx_word' id='word_1_216' title='bbox 1349 3316 1867 3383; x_wconf 77' lang='lat' dir='ltr'>Psammetichus</span> <span class='ocrx_word' id='word_1_217' title='bbox 1929 3320 2213 3407; x_wconf 82' lang='lat' dir='ltr'>Aegypti</span> <span class='ocrx_word' id='word_1_218' title='bbox 2278 3340 2387 3385; x_wconf 82' lang='lat' dir='ltr'>rex</span> <span class='ocrx_word' id='word_1_219' title='bbox 2440 3329 2732 3387; x_wconf 87' lang='lat' dir='ltr'>narratur</span> <span class='ocrx_word' id='word_1_220' title='bbox 2782 3322 3016 3389; x_wconf 88' lang='lat' dir='ltr'>milites</span> 
     </span>
     <span class='ocr_line' id='line_1_28' title="bbox 622 3422 3011 3505; baseline 0.001 -15"><span class='ocrx_word' id='word_1_221' title='bbox 622 3423 1048 3491; x_wconf 86' lang='lat' dir='ltr'>conducticios</span> <span class='ocrx_word' id='word_1_222' title='bbox 1109 3446 1188 3490; x_wconf 83' lang='lat' dir='ltr'>ex</span> <span class='ocrx_word' id='word_1_223' title='bbox 1249 3422 1437 3491; x_wconf 87' lang='lat' dir='ltr'>Caria</span> <span class='ocrx_word' id='word_1_224' title='bbox 1499 3430 1563 3489; x_wconf 90' lang='lat' dir='ltr'><strong><em>et</em></strong></span> <span class='ocrx_word' id='word_1_225' title='bbox 1628 3424 1805 3490; x_wconf 86' lang='lat' dir='ltr'>Ionia</span> <span class='ocrx_word' id='word_1_226' title='bbox 1868 3423 2113 3492; x_wconf 89' lang='lat' dir='ltr'>multos</span> <span class='ocrx_word' id='word_1_227' title='bbox 2161 3426 2492 3505; x_wconf 85' lang='lat' dir='ltr'>habuisse;</span> <span class='ocrx_word' id='word_1_228' title='bbox 2540 3436 2694 3493; x_wconf 82' lang='grc' dir='ltr'><strong><em>τοῖσι</em></strong></span> <span class='ocrx_word' id='word_1_229' title='bbox 2742 3428 2805 3494; x_wconf 75' lang='grc' dir='ltr'><strong><em>δὲ</em></strong></span> <span class='ocrx_word' id='word_1_230' title='bbox 2844 3432 3011 3494; x_wconf 83' lang='grc' dir='ltr'><strong><em>Ἴωσι</em></strong></span> 
     </span>
     <span class='ocr_line' id='line_1_29' title="bbox 621 3528 3010 3614; baseline 0.002 -19"><span class='ocrx_word' id='word_1_231' title='bbox 621 3528 730 3595; x_wconf 76' lang='grc' dir='ltr'><strong><em>καὶ</em></strong></span> <span class='ocrx_word' id='word_1_232' title='bbox 780 3538 937 3596; x_wconf 82' lang='grc' dir='ltr'><strong><em>τοῖσι</em></strong></span> <span class='ocrx_word' id='word_1_233' title='bbox 985 3531 1178 3609; x_wconf 74' lang='grc' dir='ltr'><strong><em>Καρσὶ</em></strong></span> <span class='ocrx_word' id='word_1_234' title='bbox 1230 3568 1314 3582; x_wconf 89' lang='lat'><strong><em>—-</em></strong></span> <span class='ocrx_word' id='word_1_235' title='bbox 1357 3530 1555 3596; x_wconf 86' lang='grc' dir='ltr'><strong><em>δίδωσι</em></strong></span> <span class='ocrx_word' id='word_1_236' title='bbox 1607 3532 1840 3612; x_wconf 78' lang='grc' dir='ltr'><strong><em>χώρους</em></strong></span> <span class='ocrx_word' id='word_1_237' title='bbox 1892 3533 2191 3608; x_wconf 76' lang='grc' dir='ltr'><strong><em>ἐνοικῆσαι</em></strong></span> <span class='ocrx_word' id='word_1_238' title='bbox 2244 3534 2485 3605; x_wconf 86' lang='grc' dir='ltr'><strong><em>ἀντίους</em></strong></span> <span class='ocrx_word' id='word_1_239' title='bbox 2532 3536 2858 3614; x_wconf 75' lang='grc' dir='ltr'><strong><em>ἀλλήλων,</em></strong></span> <span class='ocrx_word' id='word_1_240' title='bbox 2908 3539 3010 3601; x_wconf 82' lang='grc' dir='ltr'><strong><em>τοῦ</em></strong></span> 
     </span>
     <span class='ocr_line' id='line_1_30' title="bbox 620 3634 3009 3722; baseline 0.002 -19"><span class='ocrx_word' id='word_1_241' title='bbox 620 3637 848 3703; x_wconf 81' lang='grc' dir='ltr'><strong><em>Νείλου</em></strong></span> <span class='ocrx_word' id='word_1_242' title='bbox 912 3637 982 3701; x_wconf 81' lang='grc' dir='ltr'><strong><em>τὸ</em></strong></span> <span class='ocrx_word' id='word_1_243' title='bbox 1035 3635 1221 3716; x_wconf 81' lang='grc' dir='ltr'><strong><em>μέσον</em></strong></span> <span class='ocrx_word' id='word_1_244' title='bbox 1287 3634 1572 3722; x_wconf 81' lang='grc' dir='ltr'><strong><em>ἔχοντος,</em></strong></span> <span class='ocrx_word' id='word_1_245' title='bbox 1637 3646 1795 3703; x_wconf 83' lang='grc' dir='ltr'><strong><em>τοῖσι</em></strong></span> <span class='ocrx_word' id='word_1_246' title='bbox 1862 3638 2181 3715; x_wconf 80' lang='grc' dir='ltr'><strong><em>οὐνόματα</em></strong></span> <span class='ocrx_word' id='word_1_247' title='bbox 2243 3638 2411 3713; x_wconf 77' lang='grc' dir='ltr'><strong><em>ἐτέθη</em></strong></span> <span class='ocrx_word' id='word_1_248' title='bbox 2464 3642 2877 3720; x_wconf 75' lang='grc' dir='ltr'><strong><em>Στρατόπεδα</em></strong></span> <span class='ocrx_word' id='word_1_249' title='bbox 2927 3680 3009 3693; x_wconf 94' lang='grc'>-</span> 
     </span>
     <span class='ocr_line' id='line_1_31' title="bbox 619 3743 3012 3825; baseline 0.003 -17"><span class='ocrx_word' id='word_1_250' title='bbox 619 3744 868 3813; x_wconf 83' lang='grc' dir='ltr'><strong><em>τούτους</em></strong></span> <span class='ocrx_word' id='word_1_251' title='bbox 915 3744 1029 3822; x_wconf 78' lang='grc' dir='ltr'><strong><em>μὲν</em></strong></span> <span class='ocrx_word' id='word_1_252' title='bbox 1081 3743 1151 3820; x_wconf 67' lang='grc' dir='ltr'><strong><em>δὲ</em></strong></span> <span class='ocrx_word' id='word_1_253' title='bbox 1199 3744 1393 3825; x_wconf 81' lang='grc' dir='ltr'><strong><em>χρόνῳ</em></strong></span> <span class='ocrx_word' id='word_1_254' title='bbox 1444 3743 1648 3824; x_wconf 81' lang='grc' dir='ltr'><strong><em>ὕςερον</em></strong></span> <span class='ocrx_word' id='word_1_255' title='bbox 1697 3744 2008 3823; x_wconf 83' lang='grc' dir='ltr'><strong><em>βασιλεὺς</em></strong></span> <span class='ocrx_word' id='word_1_256' title='bbox 2052 3748 2339 3824; x_wconf 71' lang='grc' dir='ltr'><strong><em>’Ἄμασις</em></strong></span> <span class='ocrx_word' id='word_1_257' title='bbox 2388 3746 2777 3825; x_wconf 74' lang='grc' dir='ltr'><strong><em>ἕξαναςήσας</em></strong></span> <span class='ocrx_word' id='word_1_258' title='bbox 2826 3753 3012 3816; x_wconf 76' lang='grc' dir='ltr'><strong><em>ἐνθεῦ-</em></strong></span> 
     </span>
     <span class='ocr_line' id='line_1_32' title="bbox 618 3850 3011 3936; baseline 0.003 -21"><span class='ocrx_word' id='word_1_259' title='bbox 618 3875 722 3916; x_wconf 87' lang='grc' dir='ltr'><strong><em>τεν</em></strong></span> <span class='ocrx_word' id='word_1_260' title='bbox 772 3850 1085 3916; x_wconf 74' lang='grc' dir='ltr'><strong><em>κατοίκισε</em></strong></span> <span class='ocrx_word' id='word_1_261' title='bbox 1135 3852 1193 3922; x_wconf 78' lang='grc' dir='ltr'><strong><em>ἐς</em></strong></span> <span class='ocrx_word' id='word_1_262' title='bbox 1243 3850 1511 3931; x_wconf 81' lang='grc' dir='ltr'><strong><em>Μέμφιν</em></strong></span> <span class='ocrx_word' id='word_1_263' title='bbox 1558 3854 1851 3932; x_wconf 67' lang='grc' dir='ltr'><strong><em>Φυλακὴν</em></strong></span> <span class='ocrx_word' id='word_1_264' title='bbox 1900 3853 2121 3917; x_wconf 77' lang='grc' dir='ltr'><strong><em>ἑωυτοῦ</em></strong></span> <span class='ocrx_word' id='word_1_265' title='bbox 2170 3854 2525 3929; x_wconf 83' lang='grc' dir='ltr'><strong><em>ποιεύμενος</em></strong></span> <span class='ocrx_word' id='word_1_266' title='bbox 2573 3858 2717 3935; x_wconf 81' lang='grc' dir='ltr'><strong><em>πρὸς</em></strong></span> <span class='ocrx_word' id='word_1_267' title='bbox 2768 3858 3011 3936; x_wconf 71' lang='grc' dir='ltr'><strong><em>Αἰγυπ-</em></strong></span> 
     </span>
     <span class='ocr_line' id='line_1_33' title="bbox 618 3956 3008 4042; baseline 0.002 -19"><span class='ocrx_word' id='word_1_268' title='bbox 618 3958 781 4023; x_wconf 87' lang='grc' dir='ltr'><strong><em>τίων.</em></strong></span> <span class='ocrx_word' id='word_1_269' title='bbox 846 3959 1019 4024; x_wconf 86' lang='lat' dir='ltr'>Audi</span> <span class='ocrx_word' id='word_1_270' title='bbox 1082 3979 1250 4023; x_wconf 90' lang='lat' dir='ltr'>nunc</span> <span class='ocrx_word' id='word_1_271' title='bbox 1309 3956 1704 4042; x_wconf 81' lang='lat' dir='ltr'>Stephanum</span> <span class='ocrx_word' id='word_1_272' title='bbox 1754 3980 1817 4024; x_wconf 82' lang='lat' dir='ltr'><strong><em>v.</em></strong></span> <span class='ocrx_word' id='word_1_273' title='bbox 1870 3960 2223 4033; x_wconf 77' lang='grc' dir='ltr'><strong><em>Ἑλληνικὸν</em></strong></span> <span class='ocrx_word' id='word_1_274' title='bbox 2270 3958 2375 4023; x_wconf 80' lang='grc' dir='ltr'><strong><em>καὶ</em></strong></span> <span class='ocrx_word' id='word_1_275' title='bbox 2427 3961 2687 4041; x_wconf 82' lang='grc' dir='ltr'><strong><em>Καρικὸν</em></strong></span> <span class='ocrx_word' id='word_1_276' title='bbox 2731 3962 2904 4029; x_wconf 84' lang='grc' dir='ltr'><strong><em>τόποι</em></strong></span> <span class='ocrx_word' id='word_1_277' title='bbox 2953 3964 3008 4027; x_wconf 78' lang='grc' dir='ltr'><strong><em>έν</em></strong></span> 
     </span>
     <span class='ocr_line' id='line_1_34' title="bbox 618 4060 3003 4149; baseline 0.003 -20"><span class='ocrx_word' id='word_1_278' title='bbox 618 4063 950 4145; x_wconf 80' lang='grc' dir='ltr'><strong><em>Μέμφιδι,</em></strong></span> <span class='ocrx_word' id='word_1_279' title='bbox 1024 4065 1144 4141; x_wconf 80' lang='grc' dir='ltr'><strong><em>ἀφ’</em></strong></span> <span class='ocrx_word' id='word_1_280' title='bbox 1220 4060 1296 4128; x_wconf 81' lang='grc' dir='ltr'><strong><em>ὦν</em></strong></span> <span class='ocrx_word' id='word_1_281' title='bbox 1367 4066 1958 4145; x_wconf 78' lang='grc' dir='ltr'><strong><em>Ἑλληνομεμφῖται</em></strong></span> <span class='ocrx_word' id='word_1_282' title='bbox 2032 4064 2135 4130; x_wconf 71' lang='grc' dir='ltr'><strong><em>καὶ</em></strong></span> <span class='ocrx_word' id='word_1_283' title='bbox 2204 4075 2719 4149; x_wconf 78' lang='grc' dir='ltr'><strong><em>Καρομεμφῖται.</em></strong></span> <span class='ocrx_word' id='word_1_284' title='bbox 2783 4070 2879 4136; x_wconf 91' lang='lat' dir='ltr'><strong><em>Id.</em></strong></span> <span class='ocrx_word' id='word_1_285' title='bbox 2942 4092 3003 4136; x_wconf 84' lang='lat' dir='ltr'><strong><em>v.</em></strong></span> 
     </span>
     <span class='ocr_line' id='line_1_35' title="bbox 619 4168 3280 4255; baseline 0.003 -21"><span class='ocrx_word' id='word_1_286' title='bbox 619 4168 910 4249; x_wconf 73' lang='grc' dir='ltr'><strong><em>Καρικόνε</em></strong></span> <span class='ocrx_word' id='word_1_287' title='bbox 975 4170 1158 4240; x_wconf 86' lang='grc' dir='ltr'><strong><em>τόπος</em></strong></span> <span class='ocrx_word' id='word_1_288' title='bbox 1224 4172 1284 4234; x_wconf 82' lang='grc' dir='ltr'><strong><em>ἐν</em></strong></span> <span class='ocrx_word' id='word_1_289' title='bbox 1335 4168 1630 4250; x_wconf 75' lang='grc' dir='ltr'><strong><em>Μέμφιδι</em></strong></span> <span class='ocrx_word' id='word_1_290' title='bbox 1678 4169 1818 4235; x_wconf 78' lang='grc' dir='ltr'><strong><em>ἔνθα</em></strong></span> <span class='ocrx_word' id='word_1_291' title='bbox 1867 4176 2061 4251; x_wconf 71' lang='grc' dir='ltr'><strong><em>Κᾶρες</em></strong></span> <span class='ocrx_word' id='word_1_292' title='bbox 2110 4171 2411 4245; x_wconf 76' lang='grc' dir='ltr'><strong><em>οἰκοῦντες</em></strong></span> <span class='ocrx_word' id='word_1_293' title='bbox 2464 4176 2817 4252; x_wconf 72' lang='grc' dir='ltr'><strong><em>ἐπιγαμίας</em></strong></span> <span class='ocrx_word' id='word_1_294' title='bbox 2866 4176 3006 4255; x_wconf 81' lang='grc' dir='ltr'><strong><em>πρὸς</em></strong></span> <span class='ocrx_word' id='word_1_295' title='bbox 3269 4186 3280 4231; x_wconf 73' lang='lat'>⁵</span> 
     </span>
     <span class='ocr_line' id='line_1_36' title="bbox 619 4274 3001 4367; baseline 0.003 -27"><span class='ocrx_word' id='word_1_296' title='bbox 619 4277 976 4356; x_wconf 84' lang='grc' dir='ltr'><strong><em>Μεμφίτας</em></strong></span> <span class='ocrx_word' id='word_1_297' title='bbox 1013 4274 1411 4353; x_wconf 79' lang='grc' dir='ltr'><strong><em>ποιησάμενοι</em></strong></span> <span class='ocrx_word' id='word_1_298' title='bbox 1438 4282 1925 4360; x_wconf 81' lang='grc' dir='ltr'><strong><em>Καρομεμφῒται</em></strong></span> <span class='ocrx_word' id='word_1_299' title='bbox 1954 4279 2314 4353; x_wconf 73' lang='grc' dir='ltr'><strong><em>ἐκλήθησαν.</em></strong></span> <span class='ocrx_word' id='word_1_300' title='bbox 2362 4278 2724 4367; x_wconf 81' lang='lat' dir='ltr'>Polyaenus</span> <span class='ocrx_word' id='word_1_301' title='bbox 2754 4282 2895 4349; x_wconf 87' lang='lat' dir='ltr'>VII.</span> <span class='ocrx_word' id='word_1_302' title='bbox 2927 4282 3001 4349; x_wconf 88' lang='lat'><strong><em>3:</em></strong></span> 
     </span>
     <span class='ocr_line' id='line_1_37' title="bbox 621 4382 3003 4467; baseline 0 -17"><span class='ocrx_word' id='word_1_303' title='bbox 621 4383 1055 4467; x_wconf 75' lang='grc' dir='ltr'><strong><em>Ψαμμήτιχος</em></strong></span> <span class='ocrx_word' id='word_1_304' title='bbox 1112 4422 1192 4432; x_wconf 91' lang='grc'>-</span> <span class='ocrx_word' id='word_1_305' title='bbox 1253 4382 1517 4456; x_wconf 82' lang='grc' dir='ltr'><strong><em>πολλοὺς</em></strong></span> <span class='ocrx_word' id='word_1_306' title='bbox 1581 4386 1791 4466; x_wconf 72' lang='grc' dir='ltr'><strong><em>Κᾶρας</em></strong></span> <span class='ocrx_word' id='word_1_307' title='bbox 1852 4384 2267 4465; x_wconf 70' lang='grc' dir='ltr'><strong><em>ξενολογήσας</em></strong></span> <span class='ocrx_word' id='word_1_308' title='bbox 2326 4386 2671 4467; x_wconf 74' lang='grc' dir='ltr'><strong><em>εἰσήγαγεν</em></strong></span> <span class='ocrx_word' id='word_1_309' title='bbox 2734 4389 2832 4454; x_wconf 80' lang='grc' dir='ltr'><strong><em>έπὶ</em></strong></span> <span class='ocrx_word' id='word_1_310' title='bbox 2898 4392 3003 4465; x_wconf 71' lang='grc' dir='ltr'><strong><em>τὴν</em></strong></span> 
     </span>
    </p>
   </div>
  </div>
 </body>
</html>
