3414 5158
1370 358 1799 410 moranus.
2732 341 2775 408 3

381 521 779 606 ὀφειλόντων,
843 520 983 597 τοὺς
1054 521 1109 588 δ’
1177 522 1503 600 ἡλικιώτας
1569 503 1813 594 εῗκότως
1878 520 1956 588 ἂν
2019 520 2125 586 καὶ
2172 519 2613 604 συμφοιτητοὶς
2660 528 2777 588 τῶν

383 630 445 694 έν
505 625 713 702 ὅπλοις
779 627 968 710 ἔργων
1029 629 1445 696 ἀποκαλοί
1462 651 1564 705 ην.
1660 628 1999 714 Perinepte
2062 630 2331 715 scriptor
2376 630 2585 695 utitur
2628 629 2775 696 sub·

385 737 665 804 stantivo
711 743 986 816 τροφεῖα.
1037 735 1184 802 Non
1231 738 1406 803 enim
1453 742 1717 818 τροφεῖα
1767 736 2115 819 ὀφείλουσιν
2164 736 2215 801 οἱ
2265 733 2599 816 θρέψαντες
2647 743 2773 810 τοῖς

385 841 742 928 τροφίμοις,
788 842 900 909 sed
919 900 924 906 .
944 842 1186 910 ratione
1230 844 1484 909 inversa
1531 841 1778 908 alumni
1824 849 1949 914 τοῖς
2002 839 2316 923 θρέψασιν.
2375 841 2478 908 Ad
2522 846 2775 908 senten-

385 949 546 1014 tiam
601 949 678 1015 of.
727 951 932 1035 ipsius
975 950 1284 1016 Antonini
1329 949 1527 1016 verba
1562 947 1592 1014 I
1641 949 1705 1033 4,
1758 946 1800 1014 3
1849 948 2028 1030 ὄρῑιὶτε
2078 948 2148 1024 δή
2202 971 2306 1026 μοι
2352 945 2455 1012 τὸν
2502 945 2663 1026 υἱόν,
2714 945 2777 1013 ὃν

386 1053 561 1120 αὐτοὶ
631 1053 1066 1137 ἆνεθρέψασθε.
1136 1055 1471 1123 Praeterea
1527 1055 1881 1122 notandum
1941 1075 2096 1122 usus
2157 1055 2340 1122 verbi
2393 1058 2739 1122 ἀποκαλεῖν
2754 1104 2774 1141 ,

290 1247 298 1250 ‚.
382 1162 552 1248 quod
612 1183 766 1229 eum
826 1162 972 1230 aliis
1037 1161 1442 1230 Herodianus
1512 1170 1731 1229 eontra
1790 1166 2085 1229 veterum
2134 1161 2661 1229 eonsuetudinem
2708 1164 2777 1228 in

385 1267 622 1335 bonam
674 1274 922 1356 partem
967 1269 1267 1336 adhibere
1310 1268 1562 1336 assolet.

473 1374 841 1462 Sequuntur
898 1377 1085 1443 haee:
1155 1375 1185 1441 ἔ
1202 1376 1235 1441 δ
1253 1400 1296 1440 ω
1316 1399 1403 1440 κε
1461 1375 1522 1442 δὲ
1573 1377 1717 1453 μετ’
1764 1376 1989 1442 ἐκεῖνον
2038 1373 2146 1453 ἐμὲ
2194 1373 2474 1454 βασιλέα
2524 1375 2558 1450 ἦ
2605 1373 2773 1455 τύχη

387 1481 516 1547 κτὲ.
581 1481 902 1550 Additum
965 1487 1258 1569 expectes
1312 1483 1345 1548 ὑ
1363 1506 1415 1561 μ
1429 1489 1500 1546 ῒν
1513 1528 1530 1560 ,
1581 1481 1692 1548 sed
1740 1481 2158 1567 depravatum
2205 1480 2461 1547 videtur
2505 1481 2777 1548 verbum

389 1585 570 1654 ἔδωκε
619 1593 877 1674 propter
919 1589 1248 1672 sequentia
1295 1587 1358 1672 (ξ
1407 1585 1476 1671 6)
1523 1585 1769 1659 εἶκότως
1818 1580 1916 1649 οὖν
1961 1589 2173 1650 ταῦτα
2220 1585 2602 1668 λογιζόμενοι
2648 1585 2777 1667 ςέρ·

392 1715 566 1770 γοιτε
617 1693 698 1756 οὗ
745 1691 1084 1758 δοθέντα
1134 1692 1280 1770 ὑμῖν
1324 1692 1502 1757 ἄλλα
1549 1691 1917 1769 γεννηθέντα
1966 1691 2410 1772 αὐτοκράτορα.
2470 1691 2782 1768 Quocirca

391 1799 664 1864 conieci:
715 1796 948 1874 ἔθηκε
995 1797 1056 1863 δὲ
1104 1796 1252 1876 μετ’
1303 1797 1524 1864 ἐκεῖνον
1570 1797 1681 1875 ἐμὲ
1729 1796 2009 1875 βασιλέα
2059 1798 2095 1874 ἧ
2141 1798 2331 1880 τύχη.

485 1904 514 1968 l
574 1901 638 1981 5,
694 1902 731 1968 7
779 1902 1280 1982 εὖδαιμονοίημεν
1327 1903 1379 1969 δ’
1429 1901 1507 1968 ἂν
1551 1902 1636 1968 τοὶ
1679 1901 1895 1968 δέοντα
1933 1902 2308 1984 πράττοντες
2352 1903 2385 1968 ὖ
2404 1904 2499 1969 πὸ
2533 1903 2780 1986 τοιούτῳ

390 2005 674 2088 μάρτυρι.
723 2007 926 2095 Saepe
971 2010 1064 2076 sio
1110 2008 1552 2094 Herodianus,
1599 2008 1712 2075 ubi
1760 2013 2008 2076 veteres
2054 2013 2365 2096 usurpant
2411 2008 2680 2076 ἐναντίον
2724 2031 2779 2078 e.

389 2115 461 2176 Gr.
511 2112 669 2180 Mox
715 2113 982 2180 malim:
1029 2110 1146 2179 ὅσα
1196 2116 1248 2181 δ’
1298 2113 1373 2198 ἂν
1423 2116 1532 2183 σὺν
1581 2113 1714 2193 ἐμοὶ
1761 2116 2031 2195 βασιλεῖ
2073 2115 2179 2197 νέῳ
2226 2113 2543 2197 προθύμως
2590 2116 2780 2182 ἀπο-

391 2217 668 2296 δείξησθε
713 2241 826 2307 pro
873 2221 1299 2302 ἑπιδείξησθε.
1459 2295 1469 2300 ‚

480 2325 518 2392 I
565 2327 627 2405 6,
677 2325 714 2390 1
779 2327 1342 2406 ὑπομιμνήσκοντες
1393 2327 1579 2394 αὐτὸν
1625 2327 2015 2413 (adulatores
2049 2324 2507 2414 Commodum)
2553 2335 2667 2404 τῆς
2716 2327 2777 2393 ἐν

388 2435 592 2515 Ῥώμη
633 2439 904 2515 τρυφῆς,
954 2434 1249 2513 θεαματοὶ
1289 2458 1359 2499 τε
1394 2435 1500 2499 καὶ
1527 2435 1907 2513 ἀκούσματα
1930 2435 2167 2516 τερπνὰ
2209 2435 2777 2514 διηγούμενοι,

392 2541 504 2617 τήν
544 2563 616 2605 τε
656 2545 772 2606 τῶν
818 2539 1166 2614 ἐπιτηδείων
1205 2539 1540 2621 δαψίλειαν
1579 2541 2293 2622 καταριθμοῦντες
2322 2587 2338 2620 ,
2374 2541 2505 2607 κτὲ.
2554 2540 2781 2608 Trans·

392 2645 758 2733 ponendum
813 2647 1104 2713 videtur:
1171 2643 1466 2723 θεαματοὶ
1526 2668 1596 2709 τε
1653 2645 1759 2710 καὶ
1822 2644 2205 2723 ἀκούσματα
2249 2648 2484 2726 τερπνὰ
2529 2671 2566 2711 κ
2584 2671 2685 2711 ατ
2703 2672 2780 2712 α-

391 2753 914 2835 ριθμοῦντες,
978 2745 1088 2827 τήν
1136 2776 1207 2817 τε
1255 2756 1371 2817 τῶν
1421 2750 1774 2827 ἐπιτηδείων
1819 2752 2157 2832 δαψίλειαν
2219 2749 2776 2831 διηγούμενοι.

483 2858 521 2925 I
569 2857 632 2938 6,
681 2856 724 2925 3
784 2857 1102 2940 αἰφνιδίως
1167 2857 1230 2924 δὲ
1292 2857 1654 2931 καλέσας
1712 2856 1853 2929 τοὺς
1918 2859 2141 2939 φίλους
2187 2859 2389 2924 ποθεῖν
2436 2858 2624 2936 ἔλεγε
2672 2859 2783 2935 τὴν

394 2967 689 3048 πατρίδα.
759 2965 995 3032 Malim
1044 2964 1612 3049 συγκαλέσας,
1661 2970 1737 3029 ut
1781 2965 2024 3053 legitur
2072 2987 2140 3033 v.
2187 2987 2241 3032 o.
2290 2964 2321 3031 Ι
2370 2965 2434 3051 4,
2487 2966 2548 3032 1.
2600 2966 2783 3047 Quod

391 3073 636 3139 ibidem
682 3071 886 3138 editor
929 3072 998 3137 in
1041 3071 1255 3138 verbis
1303 3069 1557 3135 δεδιέναι
1608 3079 2027 3151 προσεποιεῖτο
2068 3072 2158 3151 μή
2199 3096 2293 3144 τις
2332 3071 2604 3139 ἐκεῖσε
2645 3095 2783 3152 προ-

392 3176 758 3257 καταλαβοι·
823 3178 934 3253 τὴν
992 3178 1313 3257 βασίλειον
1376 3176 1580 3246 ἐςίαν·
1611 3177 1745 3243 κτὲ.
1804 3184 1870 3243 et
1918 3199 2069 3246 mox
2114 3180 2151 3263 ς
2200 3178 2240 3241 5
2286 3181 2357 3245 in
2403 3179 2617 3246 verbis
2663 3183 2782 3244 τῶν

389 3286 505 3365 μὲν
552 3284 679 3365 γὰρ
723 3285 1003 3350 ἐκεῖσε
1054 3284 1184 3349 κτὲ.
1231 3285 1516 3369 reposuit
1567 3284 1774 3363 ἐκεῖ,
1816 3305 1965 3351 sane
2002 3285 2359 3351 laudandus
2402 3291 2529 3363 est,
2562 3306 2783 3371 quam-

392 3412 586 3478 quam
650 3389 988 3476 permultis
1040 3390 1198 3455 loeis
1255 3389 1676 3455 Herodianeis
1724 3410 1941 3456 omnes
1984 3390 2137 3456 libri
2182 3394 2252 3457 in
2292 3391 2519 3457 eadem
2568 3393 2783 3476 pravi-

394 3502 529 3563 tate
591 3497 969 3583 conspirant.
1063 3495 1124 3561 N
1127 3517 1198 3561 eo
1260 3502 1474 3561 tamen
1541 3497 1778 3582 ubique
1840 3498 1967 3562 sibi
2028 3500 2318 3563 constitit
2378 3497 2582 3563 editor
2602 3546 2619 3575 ‚
2670 3500 2784 3584 qui

395 3602 494 3669 IV
541 3602 605 3681 8,
657 3602 698 3669 3
761 3605 897 3669 sine
959 3602 1504 3669 animadversione
1566 3604 1872 3688 scriptum
1938 3602 2199 3688 reliquit
2266 3604 2643 3686 ἀφικόμενος
2718 3604 2781 3669 δὲ

398 3708 480 3775 ἐκ
499 3718 604 3789 εῖ,
669 3710 783 3777 ubi
837 3712 1078 3776 sincera
1127 3715 1342 3776 tamen
1388 3711 1700 3796 graecitas
1748 3710 2107 3793 requirebat
2156 3709 2185 3771 ε’
2200 3732 2284 3773 κε
2303 3716 2382 3773 ῖσ
2401 3736 2451 3775 ε.
2548 3708 2785 3776 Contra

395 3814 428 3880 I
477 3814 584 3894 11,
637 3815 672 3881 1
738 3821 1091 3882 correctum
1156 3818 1440 3901 oportuit
1503 3814 1678 3877 ἐκεῖ
1718 3832 1832 3898 pro
1880 3812 2155 3876 ἐκεῖσε
2204 3814 2501 3894 ὅφθῆναις
2546 3814 2783 3879 simili-

395 3926 615 4007 terque
662 3921 698 3986 I
747 3920 858 4001 14,
909 3920 950 3987 3
996 3942 1109 4007 pro
1159 3922 1432 3985 ἐκεῖσε
1479 3916 1919 3998 έθησαυρίζετο.
1970 3915 2275 4003 Sequitur
2320 3915 2428 3983 εἷθ’
2470 3918 2671 4000 ὥσπερ
2718 3920 2785 4001 ἐξ

353 4030 626 4115 ,ὀχυροῖς
666 4026 1050 4107 ἀκροπόλεως
1101 4026 1449 4101 δύναμιν
1495 4024 1637 4091 καὶ
1688 4023 2137 4105 περιβολὴν
2179 4025 2611 4106 συγκροτήσας
2654 4026 2784 4090 ἐπι-

396 4136 576 4209 θῆται
625 4144 702 4216 τῇ
744 4136 936 4216 ἀρχῇ.
989 4132 1215 4200 Editor
1256 4132 1694 4211 ,,<πλούτου>
1737 4131 2067 4211 περιβολήν
2110 4132 2378 4198 coniecit
2400 4130 2783 4218 Stephanus,

401 4240 608 4319 „mihi
646 4240 1034 4307 vocabulum
1073 4241 1284 4325 ipsum
1313 4244 1679 4325 corruptum
1704 4236 2026 4303 videtur.''
2069 4238 2349 4304 Πλούτου
2376 4274 2461 4288 —-
2486 4238 2784 4319 περιβολή

396 4345 640 4434 legitur
698 4348 734 4413 Ι
781 4346 845 4428 2,
893 4345 937 4412 2
1000 4356 1065 4413 et
1126 4344 1220 4412 111
1270 4344 1382 4429 11,
1427 4346 1492 4431 2,
1539 4350 1604 4411 et
1651 4344 1817 4409 mihi
1864 4344 2124 4430 quidem
2172 4345 2235 4411 h.
2284 4345 2329 4415 1.
2379 4346 2634 4415 videtur
2680 4367 2786 4433 ap·

399 4456 750 4521 tissimum.
