3414 5158
1480 354 1805 407 nonnus.
2705 331 2838 399 213

534 546 587 602 x
637 517 804 590 175:

715 634 880 709 σΦῶι
930 629 983 695 δ’
1030 630 1471 709 αποσρέψαντε
1520 628 1718 703 πόδας
1769 632 1874 695 καὶ
1926 640 2148 713 χεῖρας
2195 628 2442 711 ὕπερθεν

721 736 777 809 ἐς
834 734 1117 817 θάλαμον
1162 735 1455 815 βαλέειν,
1504 736 1855 807 σανίδας
1905 737 1958 800 δ’
2004 736 2254 811 ἐκδῆσαι
2301 734 2563 803 ὄπισθεν.

446 840 575 907 Hie
645 841 984 908 audiamus
1044 844 1493 928 interpretem:
1559 842 1814 914 σανίδας
1873 841 1926 909 δ’
1979 843 2232 917 ἐκδῆσαι
2281 841 2523 908 ὄπισθεν
2567 842 2840 929 (brachy-

447 949 669 1031 loqiaech
714 950 847 1031 fiir
909 948 1163 1014 σανίδων
1231 948 1281 1013 δ’
1330 948 1583 1024 ἐκδῆσαι
1630 951 1873 1026 ἱμάντα
1921 948 2190 1028 ὄπισθεν)
2213 1000 2232 1025 ,
2281 950 2412 1013 und
2453 949 2651 1013 hintes·
2695 950 2838 1013 euch

447 1055 649 1119 bindet
697 1056 797 1119 die
842 1054 1059 1139 Psorte
1100 1078 1197 1133 zu,
1244 1057 1503 1119 ndssrnlich
1549 1078 1724 1119 mann
1769 1060 1868 1119 ihr
1911 1055 2018 1119 ibn
2059 1056 2366 1135 qebunden
2409 1060 2477 1118 in
2513 1056 2622 1119 der
2655 1054 2836 1119 Kam-

446 1183 568 1226 mer
614 1161 1029 1226 zuric‘cklauet.
1130 1162 1260 1225 Der
1304 1162 1605 1247 Zeiffolqe
1647 1163 1798 1225 nach
1838 1163 2094 1243 ,qehc'iren
2143 1163 2268 1226 aleo
2315 1163 2414 1226 die
2451 1162 2709 1226 uachher
2747 1166 2839 1227 be-

443 1268 779 1333 zeichueten
825 1268 1233 1349 Handlunqen
1282 1268 1641 1349 πειρήναντε
1692 1306 1774 1317 --·
1824 1267 2031 1348 ἐρύσαι
2075 1266 2355 1333 πελάσαι
2396 1291 2469 1332 τε
2508 1288 2612 1331 vor
2651 1268 2841 1331 dieses

447 1373 697 1447 ἐκδῆσαι
756 1374 885 1437 und
940 1375 1241 1439 euchalten
1302 1374 1750 1456 nachtrci'ylicbe
1797 1374 2276 1455 Bectimmunqen
2323 1396 2398 1437 zu
2443 1372 2504 1445 ἐς
2551 1370 2834 1450 θάλαμον

445 1476 727 1556 βαλέειν.
775 1477 1015 1545 Tantae
1060 1478 1251 1546 molis
1298 1485 1393 1545 est
1439 1479 1595 1545 haee
1638 1478 2029 1569 intelligere.
2091 1478 2236 1547 Una
2278 1478 2539 1545 litei-ula
2584 1483 2836 1545 mutata

446 1582 657 1649 luoem
703 1583 915 1649 dabit:
962 1586 1245 1651 σανίδο
1271 1610 1300 1657 ς
1347 1606 1460 1672 pro
1506 1584 1789 1657 σανίδας.
1843 1583 2158 1652 Convenit
2205 1585 2374 1672 quod
2421 1588 2740 1671 sequitur:

812 1692 921 1756 σὺν
968 1690 1031 1757 δὲ
1079 1690 1273 1764 πόδας
1320 1690 1539 1773 χεῖράς
1587 1718 1657 1757 τε
1706 1690 1834 1757 δέον
1879 1690 2200 1770 θυμαλγέϊ
2244 1691 2450 1772 δεσμῷ

808 1794 877 1863 εὖ
918 1796 1081 1875 μαλ’
1130 1799 1569 1879 ὦποςρέψαντε
1614 1798 1974 1880 διαμπερές.

633 2008 807 2077 252:

533 2033 588 2092 χ
627 2117 777 2181 αλλ’
824 2112 1003 2194 ἄγεθ’
1051 2118 1103 2181 οἱ
1152 2108 1221 2193 ἓξ
1266 2122 1567 2197 πρῶτον
1616 2116 2002 2195 ἀκοντίσατ’,
2053 2115 2128 2181 αἵ
2171 2115 2238 2181 κέ
2288 2118 2419 2182 ποθι
2468 2114 2642 2189 Ζεύς.

444 2222 672 2289 Nonne
718 2228 1001 2307 praestat
1049 2220 1388 2302 πρῶτοιῗ

539 2437 721 2519 Quod
766 2436 1011 2525 legitur
1056 2462 1109 2519 χ
1158 2436 1329 2502 442:

810 2542 1133 2622 μεσσηγύς
1182 2567 1252 2608 τε
1304 2540 1474 2609 θόλου
1523 2542 1627 2608 καὶ
1676 2542 1993 2621 ἀμύμονος
2042 2540 2240 2624 ἕρκεος
2287 2544 2521 2622 αὐλῆς,

446 2655 703 2717 revocat
765 2650 931 2715 mihi
984 2653 1053 2715 in
1100 2651 1479 2716 memoriam
1526 2650 1741 2716 hortos
1788 2648 2074 2726 Alcinoi,
2121 2652 2190 2714 in
2237 2651 2470 2735 quibus
2511 2649 2638 2714 duo
2685 2649 2821 2714 fon·

444 2756 631 2823 tiouli
682 2781 716 2831 n
770 2756 935 2822 131:

804 2863 865 2926 ἐν
913 2861 978 2927 δὲ
1024 2862 1142 2928 δύω
1190 2870 1437 2944 κρῆναι,
1488 2859 1521 2934 ἢ
1570 2861 1686 2940 μέν
1735 2861 1796 2926 τ’
1844 2861 1968 2927 ἀνὰ
2017 2867 2208 2934 κῆπον
2253 2857 2518 2927 ἅπαντα

807 2968 1167 3047 σκίδναται,
1214 2967 1247 3044 ἢ
1300 2969 1351 3034 δ’
1401 2969 1675 3048 ἑτέρωθεν
1725 2969 1824 3034 ὑπ’
1872 2969 2070 3044 αὐλῆς
2121 2965 2286 3033 οὐδὸν
2330 2965 2486 3042 ἵησιν

809 3078 951 3157 πρὸς
1001 3075 1180 3153 δόμον
1231 3075 1509 3155 ὑψηλόν,
1560 3071 1687 3139 ὅθεν
1737 3074 2045 3154 ὑδρεύοντο
2092 3083 2369 3141 πολῖται.

443 3182 648 3263 Quam
700 3182 1046 3249 molestum
1094 3183 1215 3248 hoe
1262 3203 1395 3248 esse
1440 3181 1662 3247 debuit
1705 3185 1847 3270 reg-i
1894 3187 1958 3249 et
1997 3185 2293 3270 reginae,
2338 3202 2538 3266 quum
2579 3182 2832 3247 univer-

440 3310 547 3354 sus
615 3289 889 3374 populus
957 3288 1242 3372 quotidie
1304 3288 1385 3352 ad
1446 3309 1513 3352 se
1576 3290 1920 3354 ventitaret
1981 3285 2322 3373 aquatum!
2399 3287 2652 3354 Ithacae
2715 3287 2834 3353 hoo

442 3394 712 3473 melius,
774 3395 855 3460 of.
916 3418 946 3472 ρ
995 3393 1151 3460 206.
1222 3393 1377 3459 Erat
1420 3395 1512 3458 ibi
1559 3400 1882 3479 praeterea
1930 3393 2166 3480 aquula
2211 3397 2279 3458 in
2323 3393 2642 3460 vestibulo
2689 3401 2836 3460 ante

441 3501 661 3578 aedes,
710 3503 777 3566 in
822 3521 947 3586 qua
992 3521 1241 3566 anseres
1286 3502 1630 3577 natabant,
1680 3525 1720 3564 τ
1769 3499 1921 3577 537,
1973 3526 2007 3565 υ
2061 3498 2212 3566 158.
2259 3499 2728 3566 Verosimiliter
2762 3503 2833 3566 in

440 3610 621 3695 regia
689 3607 968 3673 Menelai
1031 3613 1217 3692 poeta
1275 3627 1409 3672 rem
1472 3607 1596 3671 sibi
1660 3605 1882 3671 eodem
1929 3606 2120 3671 modo
2170 3608 2700 3691 repraesentavit,
2749 3607 2832 3674 of.

438 3737 467 3778 ο
522 3711 669 3778 162.
735 3709 1055 3779 Credibile
1116 3716 1334 3778 autem
1401 3716 1529 3795 est,
1576 3711 1914 3778 castellnm
1963 3711 2131 3777 unde
2183 3711 2488 3793 ὑδρεύοντο
2537 3719 2831 3798 πολῖται,

442 3825 685 3884 tectum
759 3819 954 3884 fuisse
980 3867 995 3894 ‚
1064 3839 1146 3883 ne
1205 3817 1358 3902 quid
1421 3817 1705 3882 sordium
1769 3816 1874 3882 vel
1934 3816 2218 3902 pulveris
2275 3817 2555 3884 incidere
2601 3823 2832 3903 posset.

440 3923 581 4007 Quo
642 3927 899 3991 nomine
958 3927 1017 3990 is
1079 3923 1257 3990 locus
1312 3943 1445 3990 esse
1510 3919 1764 4007 potuit?
1829 3921 2004 3988 Haeo
2060 3923 2188 3988 fuit
2233 3925 2452 4008 opinor
2500 3943 2574 3990 ea
2620 3922 2788 3996 θάλος
2814 3970 2831 4002 ,

436 4051 597 4116 quae
682 4030 1019 4116 aliquoties
1089 4035 1482 4095 memoratur
1550 4029 1619 4093 in
1688 4028 2234 4114 antepaeuultimo
2302 4029 2491 4095 libro.
2585 4029 2829 4096 Eodem

438 4139 697 4203 nomine
744 4143 960 4222 postea
1006 4137 1073 4200 in
1122 4135 1363 4200 balneis
1412 4133 1798 4201 Laconicum
1851 4136 2104 4202 dicitur.
2167 4135 2375 4216 Quam
2423 4141 2570 4221 apte
2616 4141 2832 4201 autem

438 4244 631 4309 scribi
683 4241 953 4328 poterit:

804 4349 945 4428 πρὸς
999 4344 1227 4412 θόλον
1277 4347 1593 4426 ὑψηλήν
1620 4397 1635 4425 ,
1686 4343 1814 4414 ὅθεν
1863 4345 2168 4427 ὑδρεύοντο
2217 4355 2496 4414 πολῖται.
