3414 5158
640 380 778 455 354
1689 397 2009 457 Romans.

640 576 852 654 μείετε
898 576 1180 661 reposuit
1227 574 1540 658 δαμήετε,
1592 594 1753 659 quae
1796 576 2061 639 barbara
2101 574 2306 639 forma
2346 580 2459 639 est.
2512 571 2751 640 Contra
2776 584 2829 639 H
2862 572 3034 639 339:

1052 682 1110 745 ἐν
1160 681 1214 745 δ’
1264 684 1501 746 αὐτοῖσι
1549 680 1760 751 πύλας
1814 680 2143 757 ποιήσομεν
2191 674 2259 745 εὖ
2308 681 2603 761 ἀραρυίας

1062 786 1224 868 ὄφρα
1271 787 1346 852 δι’
1395 788 1643 852 αὐτάων
1694 788 2047 862 ἱππηλασίη
2097 785 2227 859 ὁδὸς
2278 786 2443 864 εἴη,
2559 836 2564 840 -

648 900 816 961 recte
873 892 934 959 N
936 893 1204 959 auckius
1261 892 1546 959 restituit
1593 894 2068 979 conjunctivum
2119 891 2256 973 εἴη.
2351 891 2445 957 De
2490 912 2565 957 ea
2612 892 2817 958 forma
2867 892 3040 966 dixe-

643 1019 779 1065 ram
831 998 946 1080 Qu.
998 997 1192 1065 Hom.
1241 1020 1302 1085 p.
1350 996 1460 1063 83.
1533 996 1772 1064 Itidem
1822 1000 2068 1085 corrige
2115 1007 2141 1061 1
2201 996 2353 1063 245.

743 1222 796 1277 Η
847 1212 1014 1277 345:

914 1319 1132 1396 Τρώων
1177 1314 1318 1383 αὖτ’
1367 1320 1560 1399 ἀγορὴ
1610 1318 1883 1395 γένετ’
1933 1320 2115 1383 Ἰλίου
2166 1319 2227 1383 ἐν
2273 1317 2450 1383 πόλει
2497 1316 2670 1399 ἄκρῃ.
2764 1411 2774 1419 ·

645 1425 818 1514 Lege
867 1424 1084 1489 πέλε.
1161 1424 1438 1491 Verbum
1487 1444 1614 1491 non
1663 1424 1916 1491 addam.

745 1646 799 1703 H
851 1638 1015 1706 387:

923 1744 1141 1823 ἣνῶγει
1189 1746 1464 1824 Πρίαμός
1511 1768 1582 1809 τε
1630 1745 1733 1809 καὶ
1784 1744 1965 1831 ἄλλοι
2012 1749 2214 1824 Τρῶες
2262 1743 2503 1821 ἀγαυοί

929 1851 1215 1930 εἰπέμεν,
1265 1850 1338 1917 αἵ
1382 1852 1450 1917 κέ
1497 1875 1612 1931 περ
1658 1849 1823 1928 ὔμμι
1868 1852 2054 1929 Φίλον
2096 1850 2201 1915 καὶ
2245 1849 2353 1926 ήδὺ
2402 1848 2747 1929 γένοιτο.

654 1955 1023 2045 Syntactica
1065 1960 1229 2023 ratio
1273 1959 1398 2023 nisi
1443 1956 1630 2023 fallor
1675 1956 1961 2043 postulat
2006 1982 2052 2035 y
2075 1956 2103 2020 έ
2123 1983 2150 2020 ν
2170 1982 2205 2032 η
2224 1980 2263 2021 τ
2282 1982 2382 2023 αι.

743 2170 982 2235 Mirum
1035 2176 1130 2239 est
1177 2170 1344 2256 quod
1390 2169 1672 2259 legimus
1722 2180 1777 2235 Θ
1833 2170 1997 2236 166:

1067 2276 1221 2358 ἔρρε,
1274 2279 1433 2369 nansi,
1481 2278 1721 2362 γλήνη,
1770 2277 1899 2341 ἐπεὶ
1950 2279 2016 2341 οὐ
2065 2276 2337 2356 εἴξαντος
2390 2278 2555 2354 ἐμεῖο

1063 2384 1311 2464 πύργων
1359 2385 1662 2463 ήμετέρων
1712 2385 2081 2461 ἐπιβήσεαι,
2132 2384 2263 2449 οὐδὲ
2311 2386 2623 2462 γυναῖκας

1063 2490 1234 2569 ἄξεις
1283 2493 1342 2554 ἐν
1392 2490 1631 2565 νήεσσι·
1681 2490 1873 2570 πάρος
1920 2514 2009 2555 τοι
2058 2490 2407 2568 δαίμονα
2459 2489 2693 2555 δώσω.

653 2598 898 2664 Verum
961 2598 1028 2663 id
1067 2604 1186 2663 est
1241 2619 1392 2664 sane
1452 2598 1618 2685 quod
1681 2597 2013 2663 Nauckius
2060 2599 2316 2674 scribit,
2368 2594 2857 2682 probabiliorem
2904 2616 3039 2661 esse

659 2704 962 2770 Zenodoti
1008 2705 1341 2771 lectionem
1393 2703 1629 2782 πότμον
1677 2704 1887 2784 ἐφήσω
1907 2755 1924 2779 ,
1973 2704 2082 2770 sed
2122 2705 2277 2790 quid
2318 2705 2573 2769 tandem
2610 2702 2808 2768 latere
2832 2707 3041 2788 potest

655 2812 774 2878 sub
821 2811 935 2876 illo
981 2811 1252 2876 absurdo
1299 2811 1562 2887 δαίμονα
1611 2808 1820 2874 δώσωῗ
1866 2809 2007 2876 Hoc
2056 2816 2220 2876 certe
2256 2810 2625 2875 Aristarcho
2662 2811 3039 2893 neutiquam

658 2917 904 3002 placere
970 2919 1212 3001 potuit,
1291 2919 1546 2981 etiamsi
1615 2917 1804 2981 hodie
1874 2919 1942 2980 in
2010 2917 2308 2981 omnibus
2366 2913 2549 2979 libris
2611 2917 2703 2980 sic
2762 2913 3035 3001 legatur.

657 3023 1024 3090 Sci-ibamus
1069 3021 1430 3087 uncialibus
1477 3021 1719 3087 literis:
1760 3021 1952 3100 πάρος
1990 3045 2083 3086 τοι
2126 3029 2843 3086 ΔΑΙΜΟΝΑΔΩΣΩε
2886 3018 3040 3104 quid

658 3131 777 3194 hoc
839 3126 974 3194 est?
1037 3128 1308 3214 Opinor:
1371 3128 1560 3206 πάρος
1626 3151 1717 3193 τοι
1767 3129 2069 3204 λαιμὸν
2118 3129 2417 3204 ἀμήσω.
2490 3126 2741 3193 Similis
2788 3147 3039 3211 corrup·

657 3234 788 3300 tela
855 3241 952 3300 est
1020 3244 1081 3298 A
1143 3232 1273 3298 841
1337 3240 1402 3299 et
1463 3236 1528 3298 in
1593 3235 1785 3299 verbo
1847 3235 2025 3310 αμόὶν
2071 3234 2468 3320 paenultima
2517 3233 2767 3320 syllaba
2810 3233 3039 3298 itidem

655 3342 996 3425 corripitur
1042 3362 1060 3403 ι
1109 3337 1264 3406 247.
1359 3337 1656 3406 Ceterum
1718 3343 1961 3406 nemini
2023 3345 2243 3406 auctor
2304 3360 2445 3404 sum
2470 3385 2486 3417 ‚
2541 3345 2615 3404 ut
2661 3341 2829 3422 hanc
2851 3339 3042 3404 Aris-

653 3445 856 3511 tarchi
918 3445 1257 3512 lectionem
1320 3447 1584 3532 recipiat
1643 3451 1710 3511 et
1770 3467 1939 3512 nunc
1983 3467 2231 3533 quoque
2276 3446 2559 3512 multum
2610 3447 2676 3510 id
2725 3450 3039 3531 praestat,

655 3551 821 3638 quod
867 3551 1222 3618 Zenodotus
1269 3552 1459 3618 dedit.

749 3763 942 3829 Iridis
988 3765 1182 3850 verba
1228 3770 1377 3830 sunt
1424 3764 1500 3829 ad
1545 3763 1863 3831 sunonem
1912 3770 1979 3831 et
2024 3765 2378 3832 Minervam
2429 3776 2485 3830 Θ
2535 3765 2701 3832 413:

935 3881 1024 3953 πῇ
1071 3871 1388 3948 ,eadum-om
1440 3871 1504 3934 vl
1548 3876 1745 3951 σφῶιν
1788 3871 1866 3935 ἐν)
1916 3871 2095 3952 φρεσὶ
2146 3872 2539 3949 μαίνεται
2586 3869 2759 3952 ἦτορς

658 3959 876 4043 Nimis
921 3979 1194 4052 rustice,
1243 3981 1319 4040 ut
1363 3976 1532 4040 mihi
1577 3976 1835 4061 quidem
1875 3976 2149 4043 videtur.
2222 3977 2344 4043 Vix
2384 3982 2596 4063 potuit
2634 3979 2787 4044 satis
2821 3978 3043 4044 decore

663 4083 779 4150 dea
825 4083 970 4148 deas
1018 4102 1239 4170 rogare
1284 4087 1446 4146 satin
1491 4105 1674 4146 sanae
1713 4089 1957 4168 essent3
2008 4084 2225 4148 deceat
2267 4083 2385 4149 hoc
2426 4083 2655 4149 Itidem
2696 4087 2763 4149 in
2788 4083 3043 4149 Avibus

659 4189 1146 4274 Aristophanis,
1197 4188 1305 4254 sed
1351 4174 1630 4253 alienum
1681 4195 1779 4254 est
1814 4189 1889 4254 ab
1930 4191 2091 4274 epici
2132 4193 2432 4256 carminis
2471 4193 2809 4278 gravitate.
2874 4188 3042 4269 Quid

663 4299 1010 4379 requiram,
1056 4294 1386 4360 ostendent
1423 4293 1753 4359 Minervae
1794 4294 1986 4360 verba
2026 4319 2067 4358 α
2094 4293 2215 4359 48:
2259 4297 2433 4361 ἀλλά
2455 4320 2557 4373 μοι
2586 4298 2757 4375 ἀμφ’
2780 4297 3038 4370 Ὀδυσῆι

664 4399 940 4479 δαΐφρονι
995 4399 1322 4465 δαίεται
1371 4397 1530 4479 ἦτορ.
1624 4399 1845 4465 Minus
1878 4403 2087 4465 etiam
2135 4401 2461 4466 ferendum
2502 4402 2724 4488 judico
2775 4401 3039 4467 verbum

665 4504 991 4592 μαίνεσθαι
1046 4515 1100 4570 Θ
1151 4503 1316 4584 360,
1365 4505 1478 4570 ubi
1526 4504 1822 4572 Minerva
1868 4506 1944 4571 de
1990 4507 2129 4594 ipso
2176 4528 2429 4575 summo
2475 4507 2670 4575 Jove:
