3414 5158
56 80 651 300 s

683 371 771 439 70
1762 384 2002 434 cronno.

677 551 899 623 Cicero
917 602 935 633 ,
1007 554 1308 641 quoniam
1370 553 1756 619 nominatim
1822 572 1897 618 ea
1957 550 2285 637 provincia
2346 548 2622 616 Lentulo
2682 569 2809 615 non
2854 552 3081 636 erepta

677 666 841 729 esset
858 709 876 740 ,
949 659 1128 728 salva
1191 664 1448 727 senatus
1509 660 1887 725 auctoritate
1950 662 2247 723 acturum
2308 677 2442 723 esse
2458 703 2475 734 ,
2540 658 2595 722 si
2640 656 2830 724 modo
2876 658 3079 725 verba

677 767 919 835 oraculi
983 771 1285 832 servaret.
1381 766 1652 830 Interim
1716 766 1872 831 dum
1920 762 2237 845 Lentulus
2282 770 2348 828 et
2394 762 2740 849 Pompeius
2785 769 2850 829 et
2900 770 3079 842 „tres

674 872 912 960 legati,
961 872 1255 937 homines
1294 870 1596 957 privati”,
1639 876 1705 937 et
1748 878 1919 948 „tres
1958 891 2106 935 cum
2145 868 2454 954 imperio”
2490 869 2758 955 praedae
2796 869 3073 948 inhiant,

677 984 742 1045 et
800 977 1043 1044 Romae
1089 978 1509 1055 contendunt,
1561 977 1908 1061 Gabinius,
1967 977 2357 1043 occasionem
2406 982 2757 1062 aucupatus
2803 977 3075 1064 Aeg-yp-

677 1092 820 1151 tum
895 1086 1112 1151 intrat.
1207 1086 1476 1170 Iamque
1549 1084 1898 1150 secundum
1966 1082 2338 1151 Ciceronem
2406 1082 2649 1148 factum
2719 1085 3080 1149 committit

676 1191 1254 1278 flagitiosissimum
1272 1240 1291 1275 ,
1355 1192 1598 1275 spernit
1664 1211 1944 1267 „numen
2008 1189 2550 1273 interdictumque
2596 1187 2894 1255 deorum’'
2940 1191 2985 1254 i.
3012 1210 3075 1255 e.

675 1299 998 1363 monitum
1037 1294 1327 1383 Sibyllae
1345 1344 1363 1379 ,
1406 1296 1572 1381 quod
1612 1298 1749 1381 ipse
1800 1295 2045 1360 scilicet
2070 1291 2289 1360 Cicero
2314 1296 2417 1379 pie
2441 1294 2891 1361 observaturus
2914 1299 3076 1379 erat,

680 1422 1020 1488 „responsa
1067 1401 1532 1479 sacerdotum'’,
1583 1404 1693 1488 qui
1741 1403 1820 1467 de
1866 1402 2083 1467 eodem
2134 1399 2423 1487 Sibyllae
2462 1400 2647 1467 effato
2685 1404 2895 1489 rogati
2931 1422 3077 1467 sen-

677 1511 944 1575 tentiam
1009 1514 1464 1594 exposuerant,
1533 1510 2023 1587 „auctoritatem
2084 1514 2373 1591 senatus,
2436 1509 2609 1573 iussa
2669 1507 2890 1593 populi
2945 1507 3075 1573 Ro-

677 1615 921 1693 mani”,
987 1617 1109 1681 etsi
1176 1614 1450 1700 populus
1498 1614 1663 1680 nihil
1710 1618 1778 1679 in
1823 1614 1942 1679 hac
1988 1635 2055 1679 re
2103 1620 2357 1701 egerat,
2406 1615 2532 1679 nisi
2578 1614 2747 1699 quod
2794 1635 2908 1700 per
2950 1616 3075 1679 tri-

679 1722 883 1789 bunos
945 1742 1072 1787 non
1117 1722 1576 1787 intercesserat.
1673 1717 1976 1786 Ceterum
2021 1720 2142 1785 hoo
2190 1723 2494 1785 intererat
2544 1719 2713 1805 quod
2758 1717 3076 1786 Gabinius

679 1830 956 1914 speciem
1020 1829 1280 1913 pietatis
1343 1847 1470 1892 non
1529 1826 1972 1911 praetexebat,
2023 1830 2086 1891 et
2132 1826 2301 1910 quod
2346 1832 2561 1911 aperte
2608 1846 2933 1892 enormem
2978 1830 3077 1891 ta·

677 1934 997 2000 lentorum
1047 1954 1086 1997 a
1128 1952 1278 2020 rege
1317 1952 1642 1997 summam
1683 1932 2054 2016 accipiebat,
2096 1931 2251 1997 dum
2291 1932 2523 2017 reliqui
2546 1930 2713 1997 clam
2739 1932 3073 2011 faciebant,

679 2060 827 2107 nam
894 2058 1082 2105 nemo
1133 2043 1270 2103 erat
1315 2038 1637 2103 abstinens
1686 2058 1843 2125 erg-a
1888 2058 2108 2125 regem
2132 2087 2149 2114 ,
2200 2041 2311 2122 qui
2362 2038 2691 2105 thesauros
2739 2038 3073 2113 offerebat,

685 2148 942 2231 propter
989 2165 1144 2230 quos
1191 2143 1437 2229 aliquid
1485 2143 1826 2229 deliquisse
1872 2164 2097 2229 operae
2143 2146 2421 2229 pretium
2470 2148 2652 2210 esset.
2747 2142 2872 2210 Sed
2916 2165 3067 2209 cum

685 2253 956 2337 pecunia
1015 2250 1132 2316 illa
1177 2252 1586 2336 potissimum
1634 2250 1950 2315 invidiam
1998 2251 2337 2315 excitasset
2380 2252 2449 2315 in
2496 2247 2851 2316 Gabinium
2870 2299 2887 2333 ,
2937 2270 3068 2317 me·

684 2358 842 2423 liore
905 2358 1099 2424 verbo
1158 2377 1351 2442 quam
1421 2360 1670 2421 vendere
1726 2359 1827 2421 uti
1872 2375 1995 2422 non
2042 2358 2252 2441 potuit
2298 2354 2521 2423 Cicero
2539 2404 2555 2435 ,
2604 2363 2667 2423 et
2715 2358 2971 2423 omnino
3016 2357 3075 2425 si

682 2464 974 2540 ληκύθους
1026 2462 1282 2532 volebat
1297 2510 1316 2541 ,
1367 2464 1607 2549 optime
1653 2482 1791 2529 rem
1836 2464 2139 2529 instituit.

775 2679 884 2746 53.
951 2700 1118 2759 „non
1175 2685 1252 2745 ut
1313 2680 1517 2746 redire
1583 2700 1661 2744 ex
1706 2677 2083 2745 Macedonia
2126 2677 2359 2744 nobilis
2402 2679 2784 2764 imperator,
2832 2678 2944 2746 sed
2990 2681 3065 2744 ut

680 2792 974 2853 mortuus
1019 2787 1276 2851 infamis
1321 2787 1549 2870 referri
1602 2783 1925 2850 videtur.’'

771 2892 1192 2958 Scribendum
1226 2892 1484 2976 effer-22⁶3
1523 2910 1651 2955 non
1695 2896 1989 2955 mortuus
2028 2890 2252 2955 urbem
2292 2888 2669 2976 reliquerat,
2712 2912 2879 2956 nunc
2903 2911 3067 2958 mor·

681 3005 833 3065 tuus
879 2997 949 3063 in
997 2997 1222 3063 urbem
1273 2997 1506 3060 redibat
1523 3043 1538 3072 ,
1589 2995 1696 3060 sed
1744 2998 2090 3061 sententia:
2142 3016 2266 3061 non
2312 2995 2477 3061 illud
2527 2996 2865 3064 videbatur
2901 2997 3064 3064 redi·

682 3111 790 3169 tus
834 3103 1238 3188 imperatoris
1284 3103 1395 3168 sed
1440 3101 1763 3168 cadaveris
1812 3102 1993 3166 elatio
2033 3102 2409 3189 (exequiae).
2460 3103 2744 3168 Mortuus
2782 3105 3067 3170 substan·

678 3211 892 3275 tivum
953 3213 1053 3274 est
1116 3214 1192 3273 ut
1251 3207 1391 3273 Mil.
1445 3205 1553 3286 75,
1602 3207 1680 3274 ad
1731 3207 2039 3287 Quintum
2086 3209 2349 3274 fratrem
2397 3208 2453 3273 Ι.
2505 3209 2565 3274 3.
2620 3211 2653 3275 1
2712 3210 3066 3295 ¹,quandam

680 3313 962 3402 effigiem
1007 3316 1306 3400 spirantis
1353 3313 1663 3389 mortui’',
1713 3334 1829 3380 nec
1870 3314 2221 3398 quidquam
2260 3335 2417 3401 opus
2453 3315 2723 3382 lectione
2746 3316 3065 3383 Ursiniani

678 3422 748 3485 in
789 3421 1024 3505 funus.
1121 3421 1202 3486 In
1252 3422 1454 3508 fuum
1515 3422 1785 3508 refertur
1848 3421 2117 3487 cadaver
2176 3427 2252 3487 ut
2306 3422 2567 3488 honeste
2614 3443 2650 3488 e
2698 3424 2885 3490 domo
2932 3427 3065 3510 ipsa

681 3529 923 3593 mortui
985 3527 1311 3606 efferatur,
1380 3531 1455 3592 ut
1517 3527 1759 3592 factum
1808 3525 1965 3592 olim
2014 3528 2083 3590 in
2129 3526 2384 3593 consule
2432 3525 2547 3594 On.
2597 3525 2890 3595 Cornelio
2937 3530 3067 3595 Sci-

678 3635 867 3718 pione
885 3681 902 3710 ,
977 3637 1088 3718 qui
1158 3637 1453 3699 mortuus
1521 3631 1799 3698 Romam
1864 3631 2116 3698 adlatus
2176 3632 2394 3700 funere
2452 3634 2797 3722 magnifico
2859 3635 3066 3702 elatus

679 3739 1096 3826 sepultusque
1165 3745 1263 3806 est
1331 3740 1505 3826 (Liv.
1571 3737 1749 3805 XLI.
1820 3738 1923 3804 16.
1992 3738 2081 3820 4),
2151 3740 2261 3805 sed
2331 3739 2401 3806 id
2482 3743 2700 3808 turbat
2778 3750 3063 3809 nostrum

681 3843 919 3912 locum.

774 4060 882 4126 54.
951 4059 1256 4140 „Mecum
1318 4063 1492 4126 enim
1555 4059 1631 4126 L.
1679 4059 1981 4139 Flaccus,
2033 4063 2133 4127 vir
2177 4068 2291 4128 tua
2336 4061 2657 4150 legatione
2702 4064 3065 4152 indignissi-

678 4188 828 4234 mus
846 4215 862 4247 ,
929 4172 1120 4253 atque
1167 4169 1258 4233 eis
1299 4165 1607 4244 consiliis,
1657 4167 1891 4249 quibus
1937 4186 2190 4232 mecum
2239 4171 2305 4234 in
2354 4169 2689 4235 consulatu
2734 4190 2878 4236 meo
2924 4191 3063 4236 con·

677 4275 936 4339 iunctus
999 4273 1129 4338 fuit
1145 4323 1164 4358 ,
1229 4273 1310 4338 ad
1371 4271 1863 4340 conservandam
1926 4293 2062 4338 rem
2127 4275 2451 4360 publicam
2498 4277 2756 4359 diqnior,
2808 4297 3060 4344 mecum

677 4379 806 4445 fuit
853 4385 998 4446 tum
1016 4428 1035 4465 ,
1083 4401 1232 4446 cum
1283 4379 1424 4444 -.”

767 4484 896 4556 Hic
933 4485 1142 4567 locus,
1181 4489 1256 4553 ut
1291 4487 1608 4584 superior,
1639 4488 1719 4556 -in
1756 4483 1833 4552 Τ.
1874 4506 2041 4556 nunc
2076 4487 2289 4570 deest,
2328 4490 2397 4559 in
2434 4487 2517 4558 V.
2558 4493 2621 4554 et
2644 4486 2777 4555 rell.
2808 4491 3061 4558 estsine
