3414 5158
644 391 777 459 400
939 486 944 490 η
1758 407 2000 462 omaso.

639 581 1008 672 scripserat:
1084 582 1262 658 „eius
1331 581 1540 644 omnis
1599 581 1667 644 in
1733 577 1997 644 dicendo
2060 576 2331 644 facultas
2394 598 2470 646 ex
2518 577 2785 645 historia
2828 579 3029 666 ipsius

641 707 766 752 non
836 685 1230 774 ineleganter
1299 687 1534 770 scripta
1603 685 1875 770 perspici
1946 684 2192 770 potest”
2260 689 2329 750 et
2386 689 2714 770 propterea
2762 691 2899 751 erat
2950 686 3031 751 ab

641 793 858 858 Attico
903 801 1203 878 computo
1251 791 1526 877 quodam
1575 791 1987 877 reprehensus
2008 839 2023 868 ‚
2080 791 2191 857 sed
2236 811 2453 857 rursus
2499 791 2797 860 evolvens
2844 791 3032 858 Bruti

643 901 992 985 epitomem
1051 898 1120 964 in
1180 898 1350 964 idem
1399 897 1709 964 inciderat
1758 894 1976 963 Cicero
2022 899 2281 984 iamque
2330 897 2437 984 (ad
2480 896 2626 972 Att.
2678 897 2725 965 1.
2771 898 2845 984 1.)
2892 919 3027 964 rem

639 1005 842 1070 Attici
907 1005 1146 1071 iudicio
1215 1007 1450 1070 iterum
1517 1005 1775 1070 subicit.
1870 1002 1941 1070 Si
2002 1005 2209 1091 igitur
2277 1004 2402 1070 duo
2448 1002 2679 1070 Fannii
2726 1004 3026 1082 fuerunt,

642 1111 718 1176 de
789 1131 914 1196 quo
981 1116 1234 1197 propter
1303 1107 1626 1177 Ciceronis
1697 1111 2137 1176 testimonium
2206 1131 2331 1176 non
2402 1114 2499 1175 est
2563 1109 2987 1176 dubitandum
3010 1159 3027 1191 ,

641 1215 835 1296 alter,
884 1214 1034 1283 Gaii
1081 1214 1286 1292 filius,
1322 1219 1452 1301 'qui'
1495 1237 1610 1282 nec
1657 1215 1877 1282 consul
1925 1237 2073 1281 cum
2126 1215 2436 1294 Domitio,
2493 1237 2606 1282 nec
2644 1239 2839 1304 gener
2872 1217 3029 1285 Lae-

637 1323 714 1387 lii
762 1324 988 1401 fuerit,
1041 1323 1197 1388 satis
1242 1324 1457 1391 evadit
1503 1324 1808 1390 obscurus
1828 1370 1843 1400 ,
1890 1329 1954 1416 et
2002 1343 2163 1409 quae
2210 1322 2287 1388 de
2336 1325 2473 1388 eius
2520 1326 2792 1389 oratoria
2830 1324 3031 1390 iacul-

639 1435 771 1495 tate
831 1431 987 1496 satis
1046 1429 1266 1515 iniqua
1327 1428 1665 1495 traduntur
1724 1428 1914 1494 Bruti
1977 1429 2021 1494 1.
2072 1430 2115 1492 l.
2180 1429 2218 1512 5
2266 1427 2353 1493 99
2376 1475 2393 1507 ,
2455 1451 2581 1496 non
2643 1451 3028 1519 magnopere

639 1534 857 1602 favent
895 1538 1179 1621 opinanti
1226 1537 1394 1602 hunc
1440 1535 1636 1602 fuisse
1675 1537 2075 1601 historicum.
2150 1533 2429 1602 Videtur
2460 1536 2801 1604 historicus
2823 1539 3030 1604 maior

639 1641 870 1728 fuisse,
919 1663 1112 1729 quam
1158 1652 1234 1708 ut
1280 1663 1474 1731 gener
1519 1641 1728 1709 Laelii
1774 1662 1907 1708 esse
1956 1647 2191 1728 posset.

735 1856 838 1922 19.
901 1856 1242 1924 Desideret
1313 1859 1483 1936 „Ain
1547 1854 1663 1922 tu?
1710 1857 1791 1922 ad
1838 1857 2063 1922 domos
2106 1861 2351 1923 nostras
2396 1879 2523 1924 non
2570 1879 2783 1944 censes
2826 1861 3027 1944 perti·

637 1985 786 2030 nere
854 1967 1012 2030 scire
1081 1964 1237 2050 quid
1303 1971 1532 2052 agatur
1601 1967 1666 2029 et
1730 1963 1884 2049 quid
1942 1961 2055 2028 fiat
2117 1960 2335 2029 domi?
2398 1983 2558 2050 quae
2604 1985 2729 2030 non
2774 1986 2849 2032 ea
2892 1972 3028 2050 est,

639 2091 832 2156 quam
879 2071 1148 2156 parietes
1196 2072 1397 2136 nostri
1444 2072 1745 2156 cingunt,
1795 2069 1905 2135 sed
1953 2069 2234 2136 mundus
2279 2071 2385 2136 hic
2431 2070 2672 2136 totus.”

730 2177 952 2263 Vulgo
1003 2197 1124 2254 „an
1171 2183 1243 2240 tu
1289 2174 1427 2254 ad”,
1479 2174 1612 2240 rell.
1669 2175 1814 2240 Non
1860 2175 1978 2241 hoc
2026 2199 2107 2240 an
2146 2177 2334 2243 initio
2374 2178 2723 2244 sententiae
2747 2177 3027 2263 ponitur,

637 2287 764 2348 nisi
810 2284 1196 2349 contrarium
1243 2280 1485 2366 aliquid
1533 2283 1877 2368 cogitatur.
1971 2280 2323 2348 Praecessit
2360 2284 2809 2370 interrogatio:
2866 2303 3024 2347 num

639 2388 964 2474 explorata
1011 2393 1106 2454 est
1150 2389 1282 2454 iam
1330 2383 1600 2453 civitas?
1647 2409 1805 2452 num
1859 2389 2077 2452 coelum
2124 2385 2695 2475 contemplamini?
2740 2388 3025 2474 Respon-

640 2495 920 2562 dendum
977 2495 1056 2561 ad
1114 2497 1675 2584 interrogationem
1726 2496 1817 2562 sic
1857 2499 2225 2581 conceptam
2275 2499 2445 2562 erat:
2493 2497 2587 2561 ita
2632 2500 2765 2581 est3
2814 2515 2893 2561 an
2940 2497 3029 2560 ci·

641 2606 911 2669 vitatem
961 2602 1306 2688 domosque
1349 2608 1596 2669 nostras
1645 2603 1724 2667 ad
1764 2601 2009 2668 coelum
2034 2622 2156 2667 non
2188 2604 2502 2689 pertinere
2541 2609 2728 2688 putas
2742 2598 2805 2667 ‘I”
2845 2601 3031 2683 Quod

643 2707 844 2796 vulgo
891 2708 1133 2796 legitur
1179 2714 1400 2795 aptum
1443 2714 1643 2786 esset,
1679 2710 1736 2773 si
1762 2709 2241 2794 responderetur
2263 2708 2343 2775 ad
2367 2708 2531 2775 hanc
2554 2711 3026 2795 quaestionem:

643 2836 844 2894 „num
907 2816 1223 2881 domestica
1271 2813 1791 2902 contemplamini
1807 2811 1873 2879 ‘P’
1922 2814 2142 2902 Resp.:
2200 2815 2385 2903 „(ita)
2434 2836 2515 2882 an
2560 2822 2634 2882 tu
2679 2816 2759 2882 ad
2805 2815 3027 2882 domos

634 2926 880 2987 nostras
926 2920 1222 2987 coelestia
1276 2942 1400 2987 non
1449 2942 1662 2987 censes
1707 2922 2022 3006 pertinere
2035 2917 2101 2985 ‘P’
2150 2920 2337 2987 Nunc
2384 2921 2515 3006 (ain
2558 2922 2705 3010 tuf)
2754 2924 3029 2987 miratur

636 3026 763 3094 tale
823 3028 1136 3093 iudicium
1203 3027 1447 3093 Philus.
1499 3066 1584 3077 --
1633 3026 1838 3093 Paulo
1900 3032 2045 3093 ante
2102 3048 2251 3092 cum
2316 3026 2391 3095 O.
2454 3028 2728 3095 Muliero
2790 3049 3026 3096 correc-

634 3136 874 3200 tionem
941 3134 1176 3199 codicis
1223 3139 1572 3217 pertineant
1633 3135 1889 3219 recipie.
1982 3131 2319 3219 Superiore
2382 3136 2779 3224 paragrapho
2837 3158 3021 3215 „con-

634 3242 828 3305 vertit
873 3260 940 3304 se
977 3243 1044 3304 in
1092 3240 1382 3324 porticu”
1425 3239 1554 3327 leg.
1589 3246 1907 3323 porticum.
2000 3240 2071 3307 Si
2124 3242 2295 3309 dices
2359 3242 2721 3329 Scipionem
2774 3264 3021 3329 semper

371 3338 378 3345 ’
508 3412 512 3417 ,
629 3347 696 3409 in
745 3349 991 3430 porticu
1039 3348 1346 3413 mansisse
1366 3396 1382 3429 ,
1433 3353 1495 3411 in
1535 3347 1778 3429 porticu
1817 3348 1941 3413 erit
1968 3348 2798 3434 ineptumadditamentum
2824 3370 3021 3435 quan-

631 3458 772 3515 tum
821 3456 1030 3537 potest
1079 3452 1500 3530 eiiciendum3
1547 3452 1659 3519 sed
1705 3444 1923 3539 Scipio
1964 3458 2505 3542 appropinquante
2526 3455 2747 3523 Laelio
2771 3455 3021 3541 porticu

632 3578 922 3646 egressus
967 3569 1083 3625 est.

721 3770 829 3839 20.
882 3772 1270 3853 „„Libenter
1315 3774 1435 3839 tibi
1458 3822 1475 3852 ,
1524 3772 1737 3857 Laeli,
1788 3778 1859 3839 ut
1906 3774 1983 3840 de
2029 3795 2102 3839 eo
2142 3774 2411 3841 disseras
2450 3776 2743 3860 equidem
2772 3796 3021 3843 conces—

630 3900 788 3945 sero.
881 3880 1096 3946 Immo
1143 3900 1292 3947 vero
1337 3884 1400 3945 te
1449 3878 1895 3946 audiamus””.
1962 3879 2176 3945 Num:
2231 3898 2684 3958 „concesserm.
2756 3879 3019 3947 Inmo”?

630 3982 816 4052 Certe
885 4007 1048 4072 quae
1115 3985 1487 4073 Madvigius
1557 3986 1635 4051 de
1703 3985 2050 4053 indicativo
2112 4009 2441 4052 concessero
2502 3989 2739 4074 profert
2784 3986 3011 4075 Opusc.

631 4091 742 4158 alt.
811 4114 875 4179 p.
947 4090 1035 4157 96
1107 4112 1228 4157 non
1302 4097 1451 4157 sunt
1514 4092 1709 4158 dubio
1773 4095 2049 4159 maiora:
2116 4096 2467 4180 „tantisper
2527 4100 2591 4161 et
2636 4094 2715 4161 ad
2763 4100 3019 4181 tempus

630 4198 967 4265 concedam
992 4248 1012 4279 ,
1059 4202 1136 4264 ut
1181 4200 1403 4265 statim
1449 4202 1594 4285 post
1637 4200 1775 4284 ipse
1822 4198 2094 4266 dicam”.

721 4411 797 4478 In
863 4413 1280 4502 descriptione
1311 4413 1646 4501 ‘sphaerae
1699 4414 1739 4498 ς
1785 4412 1873 4479 22
1922 4414 2229 4501 quaedam
2278 4420 2429 4481 sunt
2474 4436 2635 4501 quae
2678 4414 3009 4481 offendant.

632 4519 726 4591 De
774 4520 1044 4608 sphaera·
1083 4520 1318 4599 solida,
1371 4522 1434 4587 in
1481 4542 1608 4609 qua
1651 4520 1793 4588 loca
1840 4521 2351 4589 delineabantur:
2410 4535 2589 4610 „post
2614 4528 2827 4589 autem
2859 4522 2929 4610 (i.
2956 4544 3011 4589 e.
