3414 5158
1469 314 1662 363 mus,
2639 292 2770 359 119

1836 478 1896 543 έν
1947 515 2026 527 -
2077 476 2359 555 κυδοιμὸν

695 581 804 660 ἧκε
850 583 1038 649 κακὸν
1086 592 1428 668 Δαναοῖσι,
1476 584 1732 661 μίνυνθα
1781 584 1843 651 δὲ
1890 583 2129 665 χάζετο
2181 583 2399 663 δουρός.

470 687 596 771 Qui
645 691 986 757 vehemens
1032 691 1382 757 adversarii
1429 695 1713 778 impetus
1760 691 1971 757 effecit
2016 697 2092 755 ut
2140 692 2303 755 Aiax
2354 694 2587 756 terrore
2634 710 2769 757 oor-

375 801 595 881 reptus
639 800 1052 881 quantumvis
1091 800 1337 864 invitus
1385 799 1612 883 pedem
1658 798 1955 864 referret:

649 902 802 975 Ζεὺς
852 902 913 969 δὲ
960 906 1165 984 πατὴρ
1213 904 1431 969 Αἴανθ’
1481 905 1784 987 ὑψίζυγος
1832 906 1891 969 ἐν
1940 902 2143 983 φόβον
2191 900 2406 982 ὦρσεν·

649 1017 727 1085 ςῆ
774 1010 839 1076 δὲ
885 1011 1140 1093 ταφών,
1189 1009 1390 1075 ὄπιθεν
1434 1011 1497 1077 δὲ
1545 1011 1733 1084 σάκος
1762 1010 1987 1095 ,βάλεν
2036 1009 2440 1087 ἑπταβόειον,

647 1115 862 1195 τρέσσε
909 1114 970 1181 δὲ
1021 1116 1358 1190 παπτήνας
1408 1117 1513 1199 ἐφ’
1561 1118 1777 1195 ὁμίλου
1825 1117 1953 1183 κτέ.

468 1220 863 1290 Sententiam
910 1244 1124 1289 meam
1173 1223 1548 1291 confirmant
1592 1223 1717 1289 loci
1754 1232 1816 1289 N
1858 1221 1989 1289 829
2030 1244 2165 1308 sqq,
2206 1233 2249 1292 Ξ
2294 1220 2425 1288 402
2450 1226 2597 1288 eto
2628 1222 2758 1289 114

374 1348 532 1416 sqq„
577 1350 781 1417 neque
827 1330 1076 1397 obstare
1122 1331 1382 1399 videtur
1425 1330 1604 1397 loeus
1650 1340 1692 1397 Ρ
1751 1327 2131 1397 102-182.

469 1550 542 1609 Μ
589 1542 721 1612 277

653 1656 770 1716 τῶν
818 1649 890 1726 δ’,
937 1648 1012 1721 ὥς
1059 1674 1128 1715 τε
1177 1649 1434 1731 νιφάδες
1479 1650 1680 1731 χιόνος
1729 1650 2002 1716 πίπτωσι
2053 1652 2310 1727 θαμεῖαι

653 1755 850 1834 ἤματι
898 1757 1225 1837 χειμερίῳ,
1275 1754 1376 1821 ὅτε
1422 1758 1482 1820 τ’
1527 1755 1702 1837 ὤρετο
1751 1756 2023 1833 μητιέτα
2074 1755 2227 1829 Ζεὺς

653 1862 952 1943 νιφέμεν,
1008 1864 1360 1945 ἀνθρώποισι
1409 1863 1917 1944 πιφαυσκόμενος
1964 1865 2051 1931 τὰ
2098 1859 2141 1930 ἃ
2191 1872 2355 1939 κῆλα
2376 1885 2390 1903 ·

653 1970 956 2045 κοιμήσας
1006 1970 1058 2035 δ’
1108 1969 1368 2047 άνέμους
1413 1969 1553 2049 χέει
1602 1966 1903 2053 ἔμπεδον,
1952 1969 2117 2051 ὄφρα
2166 1971 2421 2049 καλύψῃ

654 2076 902 2156 ὑψηλῶν
953 2075 1125 2155 ὀρέων
1169 2075 1444 2158 κορυφὰς
1493 2074 1598 2141 καὶ
1645 2079 1913 2155 πρώονας
1963 2073 2218 2156 ἄκρους,

657 2181 764 2246 καὶ
813 2180 999 2247 πεδία
1046 2187 1366 2248 λωτεῦντα
1411 2182 1518 2247 καὶ
1566 2181 1790 2259 άνδρῶν
1836 2180 2017 2248 πίονα
2068 2180 2269 2260 ἔργαῄ

664 2285 804 2376 [καί
849 2285 912 2351 τ’
960 2288 1066 2368 ἐφ’
1115 2288 1268 2361 άλὸς
1308 2294 1524 2364 πολιῆς
1567 2287 1835 2368 κέχυται
1876 2286 2119 2367 λιμέσιν
2160 2312 2229 2353 τε
2268 2285 2373 2352 καὶ
2419 2289 2669 2363 άκταῖς,

653 2398 828 2471 κῦμα
873 2392 938 2459 δέ
984 2417 1090 2470 μιν
1137 2418 1186 2458 π
1203 2403 1466 2473 ροσΠλ
1489 2392 1684 2473 Αζον
1734 2395 2047 2473 έρύκεται·
2102 2392 2275 2459 ἄλλα
2325 2418 2395 2458 τε
2444 2392 2655 2458 πάντα

654 2497 894 2564 εἴλυται
943 2499 1294 2579 καθύπερθ’,
1345 2494 1434 2562 ὅτ’
1483 2499 1769 2579 ἐπιβρίσῃ
1818 2500 1960 2573 Διὸς
2009 2499 2235 2581 ὄμβρος
2257 2503 2307 2586 ]

653 2601 729 2677 ὣς
779 2611 894 2670 τῶν
943 2605 1351 2686 α’μφοτέρωσε
1401 2607 1550 2670 λίθοι
1598 2613 1881 2670 πωτῶντο
1930 2609 2209 2684 θαμεῑαι.

472 2709 756 2776 Tametsi
816 2732 963 2777 oum
1010 2711 1304 2777 Nauckio
1351 2733 1572 2778 versus
1617 2715 1867 2777 uncinis
1912 2712 2191 2778 inclusos
2236 2711 2453 2777 abesse
2497 2708 2723 2774 malim
2746 2756 2762 2789 ‚

378 2822 593 2883 tamen
639 2820 929 2904 quisquis
972 2816 1119 2884 illos
1165 2821 1522 2904 composuit
1559 2821 1658 2883 uti
1698 2839 1822 2884 non
1859 2821 2070 2904 potuit
2108 2819 2299 2886 verbo
2325 2814 2767 2897 προσπλάζειν,

376 2923 688 3010 siquidem
761 2924 1021 3004 πλάζειν
1089 2921 1410 3011 signifieat
1471 2927 1721 2989 πλανᾶν
1784 2946 1897 2991 nec
1957 2928 2215 3011 ponitur
2273 2945 2387 3010 pro
2434 2921 2764 3002 πελάζειν,

376 3031 545 3117 qnod
604 3033 874 3098 verbum
939 3053 1062 3098 non
1127 3033 1250 3097 nisi
1311 3033 1378 3096 in
1425 3034 1679 3098 Aoristo
1728 3037 1792 3098 et
1836 3033 2127 3100 Perfecto
2174 3034 2424 3118 passivo
2472 3029 2762 3098 admittit

378 3159 712 3226 syncopen.
760 3138 995 3204 Procul
1041 3138 1236 3204 dubio
1283 3137 1697 3225 interpolator
1743 3139 2032 3208 dederat:

741 3249 918 3322 κῦμα
964 3243 1028 3311 δέ
1074 3267 1182 3322 μιν
1227 3243 1634 3325 προσΚλΤζον
1680 3245 1957 3326 ἐρύκεται
1983 3269 1999 3284 ·
2050 3246 2177 3311 κτὲ.

469 3350 756 3418 Verbum
807 3350 1083 3437 simplex
1126 3350 1368 3438 legitur
1415 3361 1458 3422 Ξ
1510 3349 1680 3417 392:
1930 3349 1935 3354 '

743 3456 1090 3532 ἐκλύσθη
1139 3457 1202 3522 δὲ
1250 3458 1548 3524 θάλασσα
1594 3457 1735 3524 ποτὶ
1785 3458 2030 3532 κλισίας
2080 3482 2151 3524 τε
2199 3458 2340 3531 νέας
2388 3481 2481 3524 τε.

381 3567 448 3628 et
493 3585 512 3627 ι
561 3560 696 3628 484
742 3563 849 3649 (of.
900 3562 1094 3648 541):

746 3669 1099 3745 ἐκλύσθη
1149 3669 1212 3736 δὲ
1259 3668 1554 3737 θάλασσα
1601 3666 2063 3751 κατερχομένης
2114 3669 2230 3735 ὑπὸ
2279 3668 2527 3749 πέτρης.

383 3779 450 3842 ot
493 3785 554 3841 Ψ
605 3773 728 3842 61:

749 3911 754 3916 ·
880 3879 962 3948 ὅθι
1013 3883 1312 3961 κύματ’
1363 3881 1466 3948 ἐπ’
1517 3879 1701 3957 ἠιόνος
1751 3879 2232 3962 κλύζεσκον.

379 4007 496 4054 neo
541 3985 766 4052 dubito
813 3990 967 4072 quin
1015 3988 1188 4054 idem
1236 3990 1502 4056 verbum
1554 3986 2019 4054 restituendum
2066 3991 2153 4052 sit
2201 3996 2251 4052 Φ
2302 3983 2475 4053 27οτ

791 4093 1048 4160 τοσσάκι
1099 4093 1214 4172 μὲν
1262 4094 1442 4173 μέγα
1487 4099 1664 4172 κῦμα
1712 4093 2006 4168 διιπετέος
2054 4101 2361 4172 ποταμοῖο

791 4197 1034 4281 πλάζ’
1083 4199 1274 4276 ὤμους
1325 4201 1694 4281 καθύπερθεν
1840 4213 1847 4220 ’

377 4309 446 4376 in
491 4325 688 4396 quem
735 4308 1166 4374 coniecturam
1213 4308 1342 4374 ism
1391 4307 1761 4374 Nanokinm
1808 4307 2107 4374 incidisse
2155 4307 2615 4376 animadverto.
