3414 5158
769 358 900 425 340
1647 350 1656 357 “
1792 376 2115 428 nemus.

855 542 1026 609 Miro
1082 542 1273 609 modo
1319 542 1682 631 neglectum
1736 542 2067 630 digamma
2115 547 2211 609 est
2249 551 2306 608 A
2332 540 2499 609 230:
2542 540 2677 622 δῶρ’
2726 544 2771 609 α
2786 568 2835 609 π
2852 567 2883 609 o
2900 568 2943 607 α
2962 567 2981 608 ι
2998 569 3029 624 ρ
3050 568 3083 611 ε
3098 553 3155 611 ΐ-

759 675 798 716 σ
813 648 863 714 3
877 674 922 715 α
941 674 982 714 ι.
1059 646 1490 715 Commendo:
1527 649 1574 713 ἆ
1589 672 1638 712 π
1653 672 1684 713 ο
1702 671 1748 712 α
1766 649 1789 713 ί
1808 672 1837 711 ν
1854 672 1889 713 υ
1904 670 1943 711 ο·
1961 646 2009 712 3
2026 670 2145 726 αι,
2182 648 2501 733 quomodo
2546 650 2595 713 A
2626 648 2809 717 2¹75:
2850 651 3153 730 ἀποαίρεο

758 754 972 837 κούρην
1015 754 1314 823 Nauokio
1358 753 1606 840 placuit
1659 753 2020 820 ἀποαίνυτο.

854 980 909 1035 A
959 968 1128 1140 29ὶῖ
1173 1072 1236 1139 δέ
1282 1097 1388 1153 μιν
1436 1075 1763 1156 αἶχμητῆν
1810 1072 2039 1141 ἔθεσαν
2084 1072 2215 1141 θεοὶ
2265 1076 2397 1141 αἰὲν
2446 1076 2644 1150 ἐόντες

1070 1180 1328 1247 τοῦνεκά
1377 1182 1428 1247 01
1476 1205 1526 1247 π
1545 1204 1578 1262 ρ
1593 1204 1621 1246 ο
1638 1179 1685 1246 3
1702 1180 1733 1247 A
1751 1205 1780 1247 ο
1800 1208 1834 1248 υ
1854 1206 1893 1247 ο·
1912 1204 1931 1245 ι
1951 1205 1980 1246 ν
2038 1182 2269 1249 ὀνείδεα
2316 1180 2735 1260 μυθήσασθαι
2752 1210 2775 1261 3

753 1290 961 1378 Lege:
1011 1311 1058 1352 π
1075 1311 1106 1369 ρ
1123 1285 1260 1355 οθέ
1279 1314 1322 1353 ω
1341 1311 1487 1355 σιν.
1559 1284 1658 1354 of.
1712 1286 1830 1369 Qu.
1882 1287 2080 1355 Hom.
2125 1308 2188 1375 p.
2244 1287 2393 1359 12¹7.

847 1513 898 1569 A
951 1500 1122 1569 2942

1024 1610 1074 1675 εἲ
1123 1606 1194 1685 δή
1242 1630 1333 1673 σοι
1380 1610 1510 1673 πᾶν
1557 1606 1730 1688 ἔργον
1778 1608 2231 1689 ὑπείξομαι
2280 1606 2413 1675 ὅττι
2462 1634 2532 1676 ιιε
2572 1608 2766 1693 εἴπῃς.

750 1715 989 1793 Loous,
1044 1717 1142 1781 uti
1189 1713 1370 1782 vides
1390 1762 1407 1794 ‚
1455 1716 1692 1781 vitium
1742 1713 1889 1793 alit;
1944 1734 2095 1782 nam
2140 1718 2198 1781 si
2236 1716 2406 1801 quod
2446 1714 2623 1783 aliud
2660 1716 2929 1791 verbum
2949 1763 2967 1800 ,
3004 1736 3143 1781 eer-

747 1828 888 1887 tum
961 1827 1058 1889 est
1126 1819 1305 1887 εἴκειν
1375 1839 1500 1886 non
1567 1821 2117 1907 pronunciandum
2187 1842 2323 1889 esse
2390 1810 2527 1889 sine
2600 1821 2859 1891 Aeolica
2925 1819 3136 1887 litera.

747 1926 1034 1995 Conieoit
1094 1926 1460 1995 Bentleius:
1523 1928 1574 1993 si
1635 1925 1709 2001 δή
1756 1950 1847 1993 σοι
1894 1951 1957 1992 τι
2003 1925 2145 1999 ἔπος
2196 1926 2557 2008 ὑποείξομαι
2608 1925 2739 1995 ὅττι
2790 1952 2860 1993 ιιε
2908 1926 3097 1999 εἴποις
3120 1950 3135 1965 ·

744 2055 972 2121 parum
1037 2033 1395 2121 eleganter3
1461 2032 1688 2099 deinde
1750 2053 1911 2118 quae
1956 2034 2189 2101 menda
2233 2041 2373 2102 orta
2416 2040 2569 2101 sunt
2614 2056 2693 2102 ex
2738 2035 3135 2123 ignoratione

743 2140 1038 2209 Aeolieae
1083 2138 1306 2206 literae
1353 2138 1731 2225 plerumque
1776 2138 1947 2205 levia
1995 2146 2143 2205 sunt
2190 2145 2256 2207 et
2304 2144 2541 2229 exigua
2586 2144 2942 2209 mutatione
2986 2159 3131 2225 pro—

745 2248 952 2313 curari
998 2250 1279 2332 possunt.
1373 2244 1435 2309 Ν
1439 2243 1709 2310 auckius
1752 2246 2033 2311 incertus
2076 2245 2295 2313 haeret
2342 2252 2561 2313 utrum
2610 2245 2819 2313 deleat
2856 2249 3131 2331 partiou-

744 2351 878 2418 lam
929 2352 1000 2426 δή
1048 2372 1128 2417 an
1178 2370 1326 2417 eum
1375 2348 1666 2417 Bentleio
1714 2350 1927 2417 faeiat.
1997 2348 2271 2418 Gentius
2312 2354 2422 2438 qui
2463 2358 2611 2419 ante
2650 2354 2921 2440 triginta
2940 2371 3133 2417 annos

745 2458 978 2524 utilem
1038 2477 1294 2543 operam
1353 2457 1570 2543 posuit
1624 2459 1690 2521 in
1740 2459 1951 2543 prima
1996 2458 2331 2544 rhapsodia
2374 2458 2783 2541 reeeueenda‚
2839 2479 3133 2545 „eorrup-

745 2563 937 2643 tela”,
989 2564 1236 2650 inquit,
1287 2585 1364 2643 „e
1408 2565 1931 2649 pertinacissimis
1976 2568 2073 2630 est
2143 2562 2311 2646 Quid
2354 2566 2662 2651 seriptum
2688 2564 2919 2644 fuerit,
2958 2566 3129 2652 equi-

743 2672 889 2738 dem
939 2692 1063 2738 non
1111 2671 1317 2737 video.
1389 2670 1813 2737 Machaonem
1860 2690 2053 2736 suum
2100 2671 2279 2737 brevi
2325 2672 2444 2737 hoo
2483 2671 2720 2739 vulnus
2758 2671 3127 2740 invenerit.”

739 2778 920 2845 Adeo
976 2781 1171 2844 etiam
1237 2776 1552 2843 facillima
1611 2779 1783 2842 viros
1836 2777 2054 2843 doctos
2098 2777 2317 2844 fallere
2364 2783 2649 2863 possunt.
2742 2778 2984 2846 Notum
3031 2783 3126 2844 eet

738 2887 805 2951 in
879 2885 1116 2952 dativis
1185 2877 1636 2969 pronominum
1700 2905 1840 2967 μοι,
1903 2905 1992 2948 σοι
2058 2889 2123 2950 et
2184 2906 2275 2950 τοι
2342 2889 2488 2952 ante
2532 2885 2792 2952 brevem
2842 2883 3113 2951 vocalem

737 2991 1212 3078 diphthongum
1262 2990 1430 3076 apud
1469 2988 1825 3055 Homerum
1854 2987 2007 3054 elidi
2052 3009 2267 3075 posse3
2315 2989 2481 3056 dixit
2518 3009 2591 3056 ea
2633 2990 2711 3057 de
2749 3011 2815 3057 re
2850 2989 3123 3058 Cobetus

735 3099 804 3163 in
854 3099 1077 3162 Mnem.
1127 3095 1285 3162 XIV
1335 3091 1466 3160 362
1516 3099 1582 3160 et
1625 3095 1749 3179 ipsi
1798 3093 1989 3160 modo
2034 3094 2457 3162 habebamus:

1790 3198 1924 3264 οὐδέ
1975 3201 2049 3266 Σ’
2096 3200 2194 3265 ὀίω

1104 3303 1316 3372 ἔνθαδ’
1367 3302 1590 3382 ἄτιμος
1639 3305 1745 3370 ἐὼν
1792 3302 2018 3386 ἄφενος
2066 3306 2172 3372 καὶ
2220 3309 2486 3372 πλοῦτον
2532 3305 2754 3384 α’έξειν.

741 3413 837 3480 Ad
881 3411 1146 3479 eandem
1195 3431 1486 3477 normam
1535 3411 1935 3478 scribendum
1986 3416 2119 3477 esta

1006 3519 1059 3584 εἷ
1109 3517 1179 3593 δὴ
1227 3520 1358 3582 πᾶν
1403 3515 1576 3599 ἔργον
1621 3518 1681 3580 τ’
1730 3516 2221 3595 ὑποείξομαι
2274 3513 2407 3584 ὅττι
2453 3543 2526 3583 κε
2572 3516 2777 3600 εἴπης.

833 3745 888 3800 Α
941 3731 1072 3799 349
1091 3783 1402 3918 δακρύσας
1453 3832 1679 3916 ἑτάρων
1728 3832 1951 3916 ἄφαρ
1998 3831 2165 3916 ἕζετο
2216 3833 2393 3919 νόσφ’
2440 3836 2748 3912 Μασ5’ίς’

733 3945 937 4033 Lege:
988 3942 1206 4026 ἄτερ.
1279 3941 1380 4011 Of.
1428 3941 1550 4024 Qu.
1595 3940 1793 4008 Hom.
1838 3962 1903 4028 p.
1962 3940 2108 4008 128.

805 4171 886 4227 A
937 4157 1108 4226 542:

1149 4264 1273 4332 αἷεί
1317 4286 1408 4330 τοι
1457 4262 1644 4342 Φίλον
1690 4259 1815 4330 dciv
1862 4261 2012 4338 ἐμεῦ
2062 4261 2404 4344 οὶπόνοσφιν
2450 4263 2633 4329 ἐόντα

1139 4370 1486 4453 κρυπτάδια
1532 4367 1861 4452 φρονέοντα
1908 4367 2386 4450 δικαζέμεν.

730 4483 859 4550 Hie
905 4483 1103 4549 miror
1147 4500 1339 4546 usum
1389 4477 1566 4544 verbi
1611 4473 1938 4556 δικαζέμεν
1986 4477 2078 4540 eie
2126 4476 2415 4542 absolute
2460 4476 2689 4563 positi,
2737 4495 2887 4543 oum
2936 4497 3117 4566 prae-
