3414 5158
1398 379 1799 432 mono-rus.
2657 361 2792 430 413

398 548 805 616 emblemate.
896 546 973 613 In
1041 548 1449 635 sequentibus
1510 545 1772 634 Kriiger
1837 547 2004 614 vidit
2049 547 2264 634 inepte
2309 549 2502 614 scribi
2548 548 2636 615 τὰ
2685 545 2795 628 ἔμ-

386 660 591 735 ψυχα
646 653 1001 737 τετράποδα
1055 679 1126 720 τε
1192 653 1299 720 καὶ
1346 652 1433 718 τὰ
1478 653 1734 718 πετεινά
1754 701 1774 737 ,
1821 655 2002 738 quasi
2049 649 2294 734 ἄψυχοι
2341 673 2592 741 quoque
2637 673 2792 742 qua-

399 762 709 850 drupedes
776 765 909 828 sint
978 761 1390 846 volucresque
1404 806 1422 837 ,
1491 780 1607 826 nec
1676 763 1894 826 tamen
1969 779 2220 826 sanasse
2279 760 2476 828 verba
2536 761 2794 828 videtur

396 871 636 935 inserto
707 867 977 935 articulo
1048 873 1196 933 ante
1265 863 1639 947 τετράποδα.
1734 864 1821 931 Η.
1893 867 2261 954 scripserat:
2334 866 2422 932 τὰ
2470 865 2744 948 ἔμψυχα
2768 917 2788 954 ,

401 973 551 1053 <vd
596 976 730 1047 τε>
777 971 1135 1055 τετράποδα
1180 972 1285 1038 καὶ
1333 972 1420 1038 τὰ
1467 969 1723 1039 πετεινὰ
1741 1019 1760 1052 ,
1809 973 2022 1053 πολλῷ
2068 971 2235 1054 μέζω
2281 973 2410 1039 κτέ.

488 1173 603 1241 111.
644 1225 655 1234 .
699 1171 851 1240 108.
946 1170 1271 1239 Herodoto
1342 1170 1710 1256 obloquitur
1773 1167 2204 1236 Philostratus
2282 1169 2500 1256 Apoll.
2583 1169 2789 1258 Tyan.

400 1303 466 1368 p.
510 1279 602 1347 23
646 1299 739 1365 sq.
791 1279 891 1346 ed.
938 1278 1213 1366 Kayser.

492 1475 615 1542 ΠΙ.
685 1474 837 1542 109.
902 1479 1003 1540 νῦν
1046 1471 1099 1538 δ’
1146 1473 1341 1541 ἐπεὰν
1392 1475 1774 1562 (permirum
1823 1479 1919 1542 est
1963 1476 2056 1540 sic
2101 1475 2374 1542 scribere
2418 1475 2620 1543 solere
2662 1475 2797 1544 He-

400 1581 699 1650 rodotum
717 1631 737 1667 ‚
803 1585 915 1668 qui
988 1586 1348 1650 constanter
1416 1581 1652 1649 scribat
1725 1581 1790 1658 ἥν
1850 1602 1965 1667 pro
2011 1582 2140 1664 ἐάν,
2190 1602 2387 1669 eoque
2434 1583 2798 1650 mirabilius

403 1688 573 1774 quod
639 1686 818 1755 tituli
888 1686 1087 1755 Ionici
1158 1687 1461 1754 exhibent
1530 1688 1711 1775 ἐπήν)
1780 1690 2128 1768 θορνύωνται
2201 1689 2384 1768 (alati
2443 1689 2789 1778 serpentes)

402 1798 573 1860 κατὰ
614 1793 848 1876 ζεύγεα
894 1794 1000 1861 καὶ
1050 1795 1113 1858 ἐν
1160 1794 1325 1878 αὐτῇ
1374 1789 1409 1876 ᾖ
1458 1794 1486 1858 ὃ
1536 1791 1710 1875 ἔρσην
1755 1804 1833 1878 τῇ
1883 1796 2155 1870 ἐκποιήσι
2205 1796 2572 1881 [οὶπειμένου
2603 1798 2792 1863 αὐτοῦ

403 1904 513 1977 τὴν
573 1902 786 1989 γονὴν]
841 1904 875 1978 ή
924 1903 1117 1978 θήλεα
1166 1897 1441 1967 ἅπτεται
1487 1908 1599 1976 τῆς
1653 1899 1843 1983 δειρῆς
1886 1902 2017 1967 κτὲ.
2108 1900 2335 1968 Delevi
2380 1903 2796 1970 manifestum

402 2009 1041 2095 interpretamentum
1090 2009 1431 2075 verborum
1478 2007 2020 2094 praecedentium.
2113 2008 2382 2095 Insuper
2449 2030 2574 2076 non
2618 2009 2791 2089 γονή.

404 2115 515 2182 sed
583 2117 712 2195 θορή
762 2135 839 2182 ea
882 2117 953 2182 vi
995 2121 1345 2201 usurpatur
1390 2134 1427 2179 a
1472 2119 1714 2181 nostro.
1805 2113 1976 2180 Nam
2027 2113 2145 2180 111.
2199 2113 2324 2180 101
2347 2162 2366 2195 ,
2423 2117 2537 2182 ubi
2583 2116 2794 2183 editur

404 2222 439 2298 ή
500 2222 699 2300 γονή
758 2220 824 2287 δὲ
885 2221 1085 2286 αὐτῶν
1150 2219 1505 2306 (Indorum)
1554 2221 1695 2295 ‘rino
1746 2220 2146 2286 ἀπίενται
2195 2221 2269 2295 ἒς
2317 2222 2469 2296 τοὶς
2520 2229 2793 2300 γυναῖ-

404 2352 588 2412 κας,
654 2329 721 2393 οὐ
780 2326 1063 2409 κατάπερ
1110 2333 1227 2391 τῶν
1278 2324 1489 2392 ἄλλων
1532 2326 1849 2406 ἀνθρώπων
1893 2327 1983 2396 ἔτι
2033 2329 2245 2404 λευκή,
2293 2328 2472 2394 ἀλλὰ
2518 2329 2792 2406 μέλαινα

270 2523 274 2526 ⁴
406 2433 691 2512 κατάπερ
754 2433 826 2497 τὸ
886 2440 1151 2515 χρῶμα·
1216 2434 1507 2509 τοιαύτην
1570 2432 1633 2497 δὲ
1692 2432 1800 2497 καὶ
1857 2433 2140 2507 Αἰθίοπες
2189 2433 2481 2499 ἀπίενται
2531 2435 2794 2514 θορήν,

388 2537 593 2631 ,valde
663 2538 901 2605 arridet
968 2538 1134 2604 mihi
1200 2537 1263 2607 Ν
1266 2539 1439 2605 aberi
1510 2541 1826 2605 sententia
1842 2586 1860 2619 ,
1930 2541 2040 2626 qui
2104 2539 2258 2607 olim
2310 2538 2536 2608 deletis
2583 2541 2794 2609 verbis

407 2648 517 2721 τήν
565 2685 649 2698 -
697 2654 1009 2726 γυναῖκας
1058 2646 1339 2731 reposuit
1385 2646 1420 2722 ή
1470 2648 1623 2728 θορή,
1676 2650 1992 2732 expuncto
2039 2646 2205 2728 θορήν
2251 2652 2394 2735 post
2432 2648 2749 2715 ἀπίενται.

388 2834 399 2841 ’
496 2844 614 2911 ΙΠ.
672 2844 802 2910 110
849 2848 1007 2911 extr.
1058 2843 1231 2924 θηρία
1260 2846 1364 2894 ’-
1416 2842 1476 2916 ἐς
1526 2842 1724 2918 ἀλκὴν
1771 2842 2106 2923 ἄλκιμα.
2171 2843 2480 2931 Suspecta
2516 2845 2794 2930 locuti0‚

406 2953 511 3017 cui
558 2952 913 3037 comparari
958 2953 1182 3036 nequit
1223 2948 1492 3030 μεγαθὲι
1539 2948 1778 3030 μέγας.
1847 2950 2280 3037 Expectabam
2323 2952 2792 3035 πεφυκότα,

406 3061 520 3123 aut
577 3054 825 3144 aliquid
877 3056 1089 3123 simile
1149 3075 1264 3143 pro
1312 3054 1585 3136 ἄλκιμα,
1634 3056 1826 3143 quod·
1850 3056 2063 3123 labem
2111 3061 2495 3125 contraxisse
2540 3058 2798 3126 videtur

388 3152 443 3229 ’θ
501 3181 869 3251 praegresso
932 3162 1352 3229 substantivo·
1444 3161 1710 3249 Insuper
1767 3163 2220 3246 τετριγότα
2284 3165 2466 3233 δεινὸν
2525 3184 2638 3250 pro
2685 3162 2798 3228 τέ-

405 3294 446 3335 τ
462 3292 493 3351 ρ
510 3293 529 3334 ι
548 3293 593 3347 γ
613 3293 643 3334 ε
693 3267 1015 3358 postulare
1062 3267 1316 3335 videtur
1356 3266 1482 3335 loci
1510 3272 1924 3365 compositio.

498 3452 617 3521 111.
683 3452 817 3520 112
876 3452 1023 3519 init.
1085 3457 1205 3517 τῶν
1258 3450 1387 3533 γὰρ
1452 3451 1650 3530 αἰγῶν
1714 3448 1858 3540 [τῶν
1903 3452 2179 3539 τράγων]
2230 3456 2293 3519 ἐν
2339 3460 2497 3520 τοῖσι
2543 3452 2797 3532 πώγωσι

410 3559 753 3642 εὑρίσκεται
825 3556 1230 3638 ἐγγενόμενον
1300 3556 1398 3644 (τὸ
1466 3556 1725 3634 λήδανον
1795 3557 1960 3644 scil.)
2028 3559 2318 3627 Fortasse
2388 3566 2506 3626 τῶν
2551 3558 2800 3641 τράγων

408 3664 868 3751 interpolatum
914 3669 1028 3731 est.
1078 3662 1201 3743 Αἲξ
1245 3682 1476 3730 nomen
1523 3684 1733 3731 mares
1771 3668 1834 3731 et
1872 3664 2144 3733 feminas
2182 3665 2649 3753 complectitur.
2698 3662 2802 3731 cf.

409 3770 474 3838 II
520 3771 625 3838 46.
723 3770 861 3838 Alii
906 3771 1013 3837 καὶ
1057 3775 1203 3857 post
1248 3772 1445 3848 alysso
1490 3774 1605 3838 aut
1648 3794 1724 3836 τε
1768 3774 1915 3839 ante
1958 3770 2207 3853 τράγων
2255 3771 2563 3837 excidisse
2608 3775 2798 3857 puta-

410 3884 597 3959 runt,
647 3878 726 3945 cl.
775 3877 1141 3946 Dioscorida
1187 3877 1222 3943 I
1271 3875 1401 3942 128
1448 3877 1534 3943 τὰ
1582 3875 1814 3959 Φύλλα
1862 3915 1945 3927 -
1994 3877 2326 3956 νεμόμεναι
2377 3878 2445 3943 αἱ
2485 3872 2666 3956 αἶγες
2692 3876 2798 3941 καὶ

412 3984 632 4067 τράγοι
679 3983 1200 4065 ἀναλαμβάνουσι
1247 3986 1333 4065 τῶ
1378 3982 1645 4062 πώγωνι.
1739 3982 1911 4049 Usus
1957 3982 2342 4051 Homericus
2386 3982 2540 4061 βοῦς
2580 3985 2800 4064 ταῦρος

415 4096 480 4159 et
524 4095 635 4165 σῦς
680 4088 935 4172 κάπρος,
983 4109 1109 4178 quo
1152 4092 1453 4177 provocat
1496 4087 1673 4155 Stein
1691 4136 1709 4167 ,
1760 4086 1924 4155 nihil
1978 4088 2060 4157 ad
2101 4087 2526 4156 Herodotum.
2571 4088 2633 4155 Ν
2635 4107 2804 4154 eces-

416 4196 579 4265 sario
648 4201 867 4265 autem
930 4195 1041 4277 Η.,
1099 4197 1250 4282 quia
1296 4195 1554 4262 feminis
1602 4214 1866 4281 quoque
1924 4194 2156 4262 barbae
2219 4199 2369 4263 sunt
2387 4235 2418 4282 ,-
2453 4198 2802 4281 utrumque

416 4324 620 4394 genus
666 4303 1212 4372 commemoravit.

506 4486 850 4563 mlle.
925 4486 1193 4557 Ptorsus
1250 4484 1424 4555 idem
1488 4484 1677 4555 hodie
1741 4484 1815 4555 fit
1859 4488 1930 4555 in
1975 4484 2197 4556 Persia
2241 4484 2566 4579 (Kerout).
2633 4482 2803 4559 Jm
