3414 5158
1487 371 1727 427 01011110.
2695 349 2781 432 6‘5

485 533 640 602 Eius
705 539 937 606 inutile
1005 544 1134 619 est3
1206 546 1512 607 noverant
1578 541 1917 609 Metellum
1984 545 2319 611 tribunum
2382 547 2614 631 fuisse,
2661 569 2786 614 non

395 640 787 710 Ciceronem.
881 646 981 712 Ad
1049 646 1318 712 formam
1391 651 1694 714 orationis
1766 651 1846 714 cf.
1908 649 1985 714 de
2048 671 2225 735 prov,
2290 671 2457 717 cons.
2506 651 2619 727 21,
2672 655 2787 719 ubi

395 747 660 816 Gneisse
727 754 818 816 sic
879 751 1076 840 legit:
1144 763 1336 831 „tuus
1399 761 1610 839 pater,
1676 755 2010 840 Philipps,
2066 778 2271 823 nonne
2318 778 2444 823 uno
2494 765 2779 844 tempore

397 877 544 921 cum
591 857 890 922 omnibus
935 860 1068 924 suis
1114 857 1581 925 inimicissimis
1629 863 1696 923 in
1735 865 2011 948 gratiam
2056 859 2291 928 rediit?
2340 861 2591 938 Quibus
2629 885 2780 930 eum

395 963 614 1028 eadem
663 985 763 1030 res
809 963 1064 1048 publica
1101 965 1570 1057 reconciliavit,
1615 987 1777 1051 quae
1817 967 2122 1034 alienarat
2145 968 2176 995 ''
2221 968 2327 1055 (N.
2354 968 2573 1035 Jahrb.
2607 969 2781 1037 1879

392 1090 454 1155 p.
509 1068 686 1156 176).
755 1067 966 1157 Vulgo
1015 1072 1281 1135 omnibus
1327 1079 1470 1156 post
1515 1074 1730 1158 quibus
1776 1095 1904 1138 eum
1952 1074 2211 1162 legitur.
2272 1075 2508 1142 Virtute
2554 1085 2673 1160 opt.
2723 1101 2781 1141 a.

390 1176 434 1242 i.
485 1199 538 1241 v.
586 1177 998 1262 sapientiaque
1049 1185 1305 1244 onerant
1357 1181 1761 1245 sententiam.

485 1387 592 1456 47.
667 1387 1093 1466 „Dimittendi
1155 1411 1307 1455 vero
1371 1393 1687 1456 exercitus
1751 1412 1943 1474 quam
1990 1397 2170 1476 potes
2218 1391 2433 1458 afferre
2482 1393 2783 1462 causam?

398 1516 591 1581 quam
653 1501 1033 1579 potestatem
1093 1493 1418 1561 habuisti?
1484 1517 1676 1580 quam
1742 1495 1999 1584 legem?
2049 1547 2064 1562 .
2097 1547 2111 1564 .
2140 1544 2197 1561 ..
2250 1497 2418 1577 Quid
2464 1506 2562 1564 est
2608 1501 2785 1568 aliud

400 1597 648 1666 furere?
718 1599 782 1664 N
785 1621 866 1665 on
940 1620 1332 1687 cognoscere.
1374 1601 1668 1666 homines
1685 1650 1702 1684 ,
1767 1623 1892 1666 non
1950 1622 2320 1688 cognoscere
2384 1602 2560 1690 leges
2579 1654 2597 1689 ,
2661 1627 2787 1672 non

403 1714 732 1784 senatum,
783 1726 908 1772 non
948 1704 1319 1772 civitatem?
1367 1705 1714 1773 Cruentare
1755 1728 1980 1794 corpus
2018 1729 2210 1773 suum
2247 1707 2389 1774 leve
2427 1716 2547 1788 est,
2586 1715 2790 1779 maior

397 1813 552 1878 haec
601 1821 698 1878 est
744 1815 948 1888 vitae,
999 1812 1208 1877 famae
1229 1859 1244 1887 ,
1294 1812 1521 1877 salutis
1567 1833 1719 1879 suae
1769 1812 2197 1879 vulnerati0.”

487 1919 866 2004 Madvigius
929 1919 1007 1983 ad
1055 1917 1133 1982 de
1179 1917 1326 1982 Fin³
1378 1939 1440 2002 p.
1498 1916 1630 1982 653
1679 1923 1771 1984 sic
1810 1922 2031 1984 scribit
2066 1927 2131 1984 et
2170 1918 2481 2005 explicat:
2526 1921 2784 2004 „„Quid

395 2031 534 2102 „est
578 2024 756 2089 aliud
801 2023 1010 2089 furere
1056 2023 1171 2110 (sc.
1223 2024 1348 2088 nisi
1399 2023 1518 2090 hoc
1563 2025 1730 2109 quod
1782 2032 1855 2089 tu
1900 2023 2178 2111 fecisti)?
2226 2025 2372 2090 Non
2412 2047 2785 2115 cognoscere

394 2127 768 2209 „homines‘l
817 2126 1096 2195 Gravius
1145 2134 1242 2194 est
1287 2149 1412 2194 non
1460 2149 1835 2216 cognoscere
1880 2129 2091 2217 leges,
2131 2151 2255 2196 non
2299 2142 2617 2212 senatum,
2659 2156 2785 2202 non

398 2239 790 2320 „civitatem
884 2232 1230 2300 Cruentare
1275 2255 1502 2319 corpus
1547 2233 1783 2301 suum?
1828 2235 2041 2303 Maior
2086 2237 2241 2304 haec
2288 2246 2387 2304 est
2431 2243 2637 2318 vitae,
2684 2242 2783 2307 fa-

392 2363 612 2422 „mae,
661 2340 888 2406 salutis
933 2361 1085 2406 suae
1131 2339 1552 2405 vulneratio.”
1629 2341 1893 2421 Quaerit
1939 2340 2158 2407 Cicero
2206 2343 2274 2407 in
2319 2364 2442 2428 quo
2489 2349 2653 2412 situs
2699 2351 2783 2412 sit

390 2449 600 2524 furor3
665 2447 942 2514 ostendit
1003 2449 1298 2533 graviora
1360 2447 1588 2511 furoris
1649 2448 1888 2513 indicia
1948 2468 2085 2514 esse
2141 2451 2208 2513 in
2256 2452 2373 2532 iis,
2424 2470 2585 2534 quae
2632 2452 2782 2518 Piso

391 2553 639 2638 fecerit,
705 2573 900 2639 quam
959 2555 1030 2617 in
1091 2554 1205 2628 iis,
1273 2571 1432 2636 quae
1481 2551 1680 2638 vulgo
1728 2552 2008 2617 furorem
2059 2573 2327 2639 arguere
2376 2557 2775 2623 credantur.’'

389 2658 530 2725 Alii
571 2680 822 2745 quoque
868 2660 993 2723 leve
1039 2668 1128 2721 est
1172 2678 1322 2722 cum
1367 2654 1442 2721 Τ.
1491 2657 1880 2742 reliquisque
1924 2668 2173 2742 praeter
2220 2658 2295 2723 V.
2346 2661 2523 2725 codd.
2589 2667 2779 2729 omit-

389 2772 556 2831 tunt.
651 2763 955 2829 Halmius
1017 2761 1327 2847 explicat:
1395 2760 1606 2843 „Quid
1654 2772 1752 2828 est
1798 2762 1973 2829 aliud
2020 2764 2227 2829 furere
2273 2766 2397 2829 nisi
2443 2766 2561 2833 hoc
2608 2772 2777 2853 quod

388 2876 462 2937 tu
507 2868 759 2937 fecisti?
802 2872 1119 2957 ignoratio
1168 2869 1539 2945 hominum,
1592 2867 1849 2956 legum,
1903 2867 2202 2934 senatus?
2243 2891 2448 2937 nonne
2488 2873 2607 2939 hoc
2645 2895 2777 2940 cer-

387 2980 714 3043 tissimum
777 2976 1009 3041 furoris
1069 2975 1380 3039 indicium
1444 2971 1580 3039 est?
1644 2973 1815 3039 Nam
1880 2995 2108 3060 corpus
2160 2997 2347 3040 suum
2403 2978 2770 3055 vulnerare,

389 3082 557 3167 quod
632 3080 833 3169 vulgo
904 3102 1015 3167 pro
1082 3100 1339 3145 summo
1410 3079 1621 3146 furore
1690 3080 1997 3158 habetur,
2070 3080 2235 3145 illud
2290 3072 2563 3166 ”quidem
2633 3084 2775 3153 leve

385 3197 518 3265 est;
567 3193 772 3254 maior
816 3188 972 3253 haec
1018 3193 1112 3251 est
1159 3189 1330 3252 vitae
1379 3205 1529 3251 suae
1576 3185 2003 3252 vulneratio.”
2092 3185 2331 3253 Omnes
2381 3188 2499 3256 hae
2546 3194 2771 3260 turbae

388 3297 682 3379 componi
742 3298 1008 3379 possunt
1073 3298 1324 3357 mutata
1386 3311 1512 3355 una
1574 3290 1981 3357 distinctione
2040 3300 2186 3378 post
2244 3296 2505 3378 furere:
2558 3298 2773 3378 „Quid

388 3408 484 3468 est
552 3400 731 3467 aliud
812 3400 1053 3476 furere,
1137 3415 1262 3462 non
1339 3417 1713 3483 cognoscere
1794 3398 2081 3463 homines
2101 3446 2119 3479 ‚
2199 3420 2325 3465 non
2396 3421 2771 3489 cognoscere

386 3506 600 3595 leges,
663 3526 787 3571 non
850 3511 1179 3586 senatum,
1240 3522 1365 3569 non
1413 3504 1745 3567 civitatem
1762 3500 1832 3567 ‘I”
1879 3506 1925 3567 i.
1952 3524 2009 3568 e.
2057 3504 2211 3589 quid
2258 3504 2434 3572 aliud
2480 3510 2603 3573 nisi
2652 3509 2770 3576 hoc

388 3613 556 3699 quod
601 3618 676 3678 tu
721 3611 928 3677 fecisti
975 3616 1073 3675 est
1116 3608 1324 3674 furere
1344 3657 1363 3692 ,
1413 3615 1508 3673 est
1551 3629 1676 3674 non
1721 3628 2097 3696 cognoscere
2145 3609 2468 3695 homines,
2511 3620 2607 3677 est
2643 3636 2770 3680 non

388 3738 762 3807 cognoscere
806 3716 1018 3804 leges,
1069 3736 1122 3781 e.
1147 3735 1208 3800 q.
1235 3711 1338 3780 s.?
1375 3718 1544 3780 sive:
1589 3734 1751 3799 quae
1794 3722 1867 3779 tu
1906 3714 2113 3779 fecisti
2154 3716 2429 3799 produnt
2452 3718 2767 3807 furorem,

387 3825 664 3912 produnt
723 3825 1190 3911 ignorationem
1252 3820 1589 3885 hominum
1609 3867 1628 3903 ,
1689 3817 1831 3883 rell.
1877 3818 1980 3884 Ad
2027 3840 2193 3896 „non
2238 3840 2609 3908 cognoscere
2656 3827 2783 3894 ho-·

387 3929 626 3997 mines''
695 3928 772 3993 ci.
844 3928 998 3993 haec
1070 3928 1148 3992 de
1209 3925 1430 3991 eodem
1493 3923 1728 3988 Pisone
1788 3923 1958 3989 dicta
2021 3944 2169 3989 cum
2232 3923 2377 3991 Seu.
2426 3934 2593 4015 grat.
2646 3932 2765 3999 13:

391 4058 581 4114 „nam
643 4034 755 4099 ille
816 4033 976 4098 alter
1023 4030 1412 4098 Caesoninus
1456 4028 1829 4093 Oalventius
1879 4031 1957 4095 ab
2006 4030 2434 4098 adulescentia
2480 4046 2767 4107 versatus

386 4159 483 4208 est
544 4146 612 4206 in
659 4141 824 4217 ἐστο,
874 4160 1020 4201 cum
1071 4159 1215 4201 eum
1263 4148 1507 4220 praeter
1545 4136 1917 4200 simulatam
1960 4150 2405 4223 versutamque
2431 4146 2761 4211 tristitiam

385 4248 562 4314 nulla
619 4268 718 4313 res
781 4244 1288 4324 commendaret,
1337 4265 1460 4306 non
1510 4246 1608 4307 vis
1655 4241 1938 4325 consilii,
1992 4265 2112 4307 non
2163 4246 2410 4309 dicendi
2459 4250 2761 4332 facultas,

383 4376 508 4420 non
557 4356 822 4422 scientia
870 4353 959 4415 rei
1007 4348 1339 4424 militaris,
1389 4370 1513 4413 non
1561 4352 2079 4430 commiscendorum
2125 4352 2417 4414 hominum
2465 4360 2760 4441 studium,

381 4480 510 4526 non
555 4458 935 4534 liberalitas3
983 4474 1174 4541 quem
1220 4456 1601 4541 praeteriens
1647 4475 1798 4520 cum
1841 4457 2131 4521 menum
2148 4504 2167 4541 ,
2228 4458 2537 4526 horridum
2592 4486 2765 4532 mae-

2441 4582 2471 4628 s
