3414 5158
636 336 725 407 82
1642 356 2005 411 mmm.

630 524 800 610 quod
845 526 1058 611 potuit
1077 574 1096 610 ‚
1140 530 1216 592 ut
1263 522 1512 608 ἔνδειξεν
1560 530 1913 613 utcumque
1958 527 2497 613 interpretaretur.
2544 526 2673 595 Sed
2717 520 2899 595 illud?
2928 528 3020 595 έν-

633 630 826 709 δειξεν
871 633 1188 718 quomodo
1231 631 1540 721 refingere
1583 634 1938 719 poterimus
1984 638 2061 699 ut
2106 632 2455 722 significet:
2500 634 2569 700 δα
2623 658 2839 701 smne
2880 658 3021 703 con·

634 737 827 805 iecit?
871 738 1096 807 Nonne
1141 760 1367 808 verum
1417 745 1516 807 est
1561 736 1923 820 ἔνριψενῖ

723 952 870 1019 Non
913 952 1046 1020 fero
1089 952 1452 1019 inauditum
1498 952 1770 1019 verbum
1816 950 2175 1029 ταξιοῦσθαι
2225 952 2487 1043 Olymp.
2538 954 2633 1021 IX
2686 954 2803 1023 78:

1220 1066 1634 1140 παραγορεῖτο
1679 1058 1926 1135 μήποτε

1222 1166 1638 1247 σφετέρας
1685 1164 1899 1245 ἄτερθε
1946 1162 2453 1242 ταξιοῦσθαι

1219 1269 1737 1350 δαμασιμβρότου
1781 1271 2059 1350 αἰχμᾶς.

629 1380 1202 1469 Simplioissimum
1263 1380 1387 1443 erit
1447 1379 1764 1465 corrig-ere
1824 1377 2075 1448 ἄτερθεν
2117 1377 2163 1443 α
2180 1402 2209 1441 ν
2226 1400 2297 1443 τι
2316 1402 2344 1445 ο
2361 1383 2400 1444 ῦ
2414 1401 2454 1443 c·
2471 1379 2502 1444 δ
2520 1402 2564 1443 α
2582 1403 2601 1444 ι
2622 1428 2639 1454 .
2684 1379 2795 1446 sed
2838 1400 3013 1447 scru-

630 1488 860 1576 pulum
923 1484 1133 1551 iniicit
1179 1484 1447 1551 verbum
1495 1484 1847 1549 ἄντιοῦσθαι
1898 1482 2189 1549 absolute
2234 1490 2634 1571 usurpatum.
2681 1484 3014 1553 Praeterea

631 1615 738 1660 me
801 1593 1078 1661 advertit
1139 1592 1378 1657 abusus
1438 1591 1831 1675 pronominis
1890 1589 2207 1671 σφέτερος.
2256 1586 2537 1657 Gobetus
2583 1592 2645 1657 έν
2688 1593 2775 1671 τῷ
2822 1592 3012 1674 λογίῳ

629 1704 826 1783 Ἑρμῇ
881 1720 942 1785 p.
995 1696 1128 1763 260
1177 1717 1310 1783 sqq.
1356 1698 1608 1784 copiose
1653 1695 1987 1783 redarguit
2032 1700 2098 1761 et
2142 1694 2353 1781 lepide
2400 1699 2545 1763 risit
2588 1714 2829 1765 errores
2868 1718 3015 1783 poe-

629 1811 842 1873 tarum
889 1802 1463 1870 Alexandrinorum
1483 1849 1502 1879 ,
1550 1802 1785 1888 quibus
1828 1800 1993 1867 illud
2038 1800 2335 1882 σφέτερος
2382 1805 2670 1869 omnium
2718 1824 3013 1889 persona-

631 1931 777 1977 rum
823 1928 1358 1993 numerorumque
1405 1910 1612 1974 vicem
1660 1905 1931 1992 implere
1974 1926 2159 1992 posse
2204 1908 2477 1973 videtur.
2548 1908 2790 1975 Deinde
2834 1910 3013 1995 quasi

632 2017 713 2084 ad
771 2016 1000 2081 incitas
1061 2013 1352 2079 redactus
1400 2011 1686 2078 concedit
1731 2012 1899 2097 quod
1944 2031 2135 2079 nemo
2177 2032 2411 2101 negare
2458 2020 2705 2099 potest,
2752 2014 3014 2081 Pindari

628 2121 876 2207 aliquot
933 2119 1108 2186 locos
1151 2125 1365 2185 extare
1411 2124 1477 2184 et
1523 2120 1646 2183 tria
1689 2123 2014 2202 praeterea
2056 2116 2387 2184 Alcmanis
2428 2118 2826 2209 fragmenta,
2872 2122 3015 2207 qui·-

635 2229 754 2294 bus
815 2230 986 2293 idem
1047 2227 1285 2291 vitium
1347 2232 1444 2290 est
1489 2242 1832 2289 commune
1874 2244 2025 2289 cum
2071 2223 2411 2309 Apollonio
2454 2232 2521 2292 et
2564 2225 2905 2293 Theocrito
2946 2230 3014 2293 et

624 2334 895 2420 reliquis
933 2335 1046 2417 qui
1083 2330 1396 2397 imitando
1435 2330 1876 2416 exprimebant
1904 2331 2395 2397 intermortuam
2422 2332 2794 2417 dialectum,
2818 2353 3011 2418 quam

631 2459 757 2506 non
819 2442 976 2506 satis
1035 2442 1326 2504 accurate
1385 2440 1832 2524 cognoverant.
1922 2433 2219 2502 Primum
2272 2439 2480 2524 igitur
2518 2434 2805 2504 Cobetus
2846 2458 3013 2505 asse-

633 2552 816 2617 verat
871 2546 940 2613 id
999 2563 1228 2612 verum
1275 2544 1400 2610 sibi
1447 2542 1654 2611 videri
1699 2540 1869 2629 quod
1916 2540 2174 2610 alicubi·
2199 2542 2421 2610 scribit
2466 2544 2876 2630 Apollonius:
2923 2542 3009 2611 τὰ

634 2655 748 2720 ὑπὸ
811 2660 1129 2728 ποιητικῆς
1189 2650 1403 2722 ἀδείας
1466 2647 1963 2730 παραληφθέντα
2024 2651 2091 2715 οὖ
2154 2649 2629 2728 καταψεύσεται
2686 2649 3011 2718 διαλέκτου

633 2761 1002 2840 πιςουμένης
1043 2758 1401 2834 έλλογίμοις
1442 2760 1938 2837 συγγραφεῦσιν.
1986 2753 2290 2821 Libenter
2323 2755 2623 2824 concedo:
2670 2757 2841 2842 quod
2873 2755 3009 2824 Iovi

629 2865 785 2933 licet
799 2913 818 2944 ,
882 2885 1008 2930 non
1067 2865 1368 2930 continuo
1413 2861 1566 2927 licet
1608 2861 1799 2938 bovi3
1842 2859 1955 2926 sed
1999 2861 2200 2926 miror
2242 2867 2455 2927 tamen
2500 2861 2569 2927 id
2616 2863 2787 2948 quod
2830 2862 3011 2928 addit

629 2951 940 3038 Cobetusi
1007 2969 1202 3034 Οὐδὲν
1265 2966 1406 3033 οὕτε
1454 2969 1769 3044 Ἀλκμᾶνι
1818 2966 1958 3033 οὕτε
2006 2965 2281 3048 Πινδάρῳ
2329 2969 2643 3045 ταθμητὸν
2687 2969 2774 3041 εἰς
2820 2969 3009 3050 κρίσιν

623 3085 738 3152 τῆς
799 3075 1065 3155 γνησίας
1121 3075 1229 3140 καὶ
1276 3074 1550 3155 καθαρᾶς
1596 3071 1901 3146 Ἑλλάδος
1949 3073 2237 3152 γλώττης
2285 3073 2393 3139 καὶ
2440 3075 2654 3153 θαῦμα
2698 3075 2868 3141 οὐδὲν
2904 3073 3011 3142 τὸν

628 3183 726 3248 ἀεὶ
789 3181 890 3246 έπὶ
957 3180 1383 3260 ὑψηλολογίας
1449 3179 1779 3261 ὀχούμενον
1824 3177 2015 3244 ἐνίοτε
2060 3176 2525 3258 ἱλιγγιάσαντα
2568 3183 3005 3262 αενεμβατεῒν.

627 3289 853 3355 Nonne
914 3288 1070 3354 haec
1115 3293 1214 3353 est
1258 3305 1522 3352 censura
1564 3305 1726 3370 quae
1771 3289 2109 3371 postquam
2156 3284 2486 3355 columbas
2531 3290 2792 3355 vexavit
2809 3335 2828 3372 ,
2878 3307 3010 3354 cor-

626 3397 727 3462 vis
772 3396 1025 3460 veniam
1073 3389 1222 3461 dat?
1291 3391 1566 3458 Etiamsi
1607 3395 1871 3458 fortasse
1916 3390 2203 3457 dederim
2247 3391 2603 3458 Pindarum
2650 3392 2850 3459 semel
2888 3395 3009 3460 ite·

625 3519 853 3568 rumve
899 3504 1034 3564 tam
1081 3497 1354 3583 turpiter
1398 3519 1602 3562 errare
1647 3498 1928 3582 potuisse
1943 3546 1961 3574 ‚
2012 3516 2403 3582 quamquam
2448 3518 2621 3565 error
2666 3501 2779 3566 vix
2817 3519 3006 3568 excu-

623 3605 845 3672 sabilis
891 3610 1019 3689 eet,
1069 3603 1240 3672 haud
1285 3603 1471 3670 facile
1517 3609 1733 3688 tamen
1777 3601 2115 3669 concedam
2165 3604 2501 3689 quinquies
2546 3605 2769 3670 eodem
2816 3606 3004 3672 modo

625 3711 978 3778 Pindarum
1025 3718 1159 3777 tam
1210 3709 1668 3776 inconsiderate
1712 3707 2208 3787 κενεμβατῆσαι.
2274 3707 2500 3795 Neque
2541 3709 3005 3798 negligendum

625 3823 724 3885 est
783 3825 1106 3904 praeterea
1163 3815 1324 3882 duos
1365 3815 1637 3883 Hesiodi
1679 3815 1851 3882 locos
1897 3819 1963 3881 et
2005 3813 2276 3880 totidem
2320 3811 2631 3902 Aeschyli
2674 3815 2881 3883 afferri
2925 3817 3006 3884 ad

624 3925 892 3991 abusum
943 3923 1334 4010 pronominis
1377 3922 1672 4006 σφέτερος
1720 3919 2197 3988 stabiliendum.
2294 3917 2535 4007 Operae
2581 3925 2865 4008 pretium
2912 3927 3007 3991 est

625 4050 846 4097 omnes
906 4048 1013 4096 ecs
1073 4028 1243 4094 locos
1303 4047 1683 4114 percensere.
1776 4026 2039 4092 Primus
2098 4025 2367 4092 Hesiodi
2406 4025 2589 4094 locus
2634 4035 2731 4095 est
2784 4032 2853 4095 in
2898 4049 3006 4096 ex-

627 4135 805 4202 ordio
851 4137 1152 4202 carminis
1197 4134 1278 4200 de
1320 4131 1634 4221 Operibus
1678 4139 1745 4199 et
1788 4132 2063 4200 Diebus.

989 4241 1164 4307 δεῦτε
1211 4240 1282 4316 δη
1329 4239 1612 4305 ἐννέπετε
1655 4240 1948 4320 σφέτερον
1992 4237 2211 4320 πατέρ’
2260 4201 2647 4319 ὑμνείουσαι,

627 4346 737 4413 sed
782 4345 1083 4414 novimus
1127 4349 1322 4412 etiam
1371 4345 1823 4414 Alexandrinis
1860 4344 2097 4410 criticis
2132 4344 2253 4410 hoc
2287 4347 2685 4431 prooemium
2710 4347 3003 4430 spurium

623 4456 850 4542 ‘visum
919 4471 1054 4520 esse
1121 4472 1196 4518 ac
1255 4457 1579 4540 praeterea
1629 4453 1700 4517 in
1758 4453 2130 4537 pronomine
2188 4449 2487 4532 σφέτερος
2546 4447 2759 4518 multo
2798 4453 3005 4518 rarius
