3414 5158
659 339 744 417 66
1718 365 1965 415 crosso.

651 541 950 618 stumque
1011 530 1278 598 vidisses
1302 581 1318 607 ,
1385 529 1698 618 (agnoscis
1766 503 2071 594 barbatum
2132 530 2490 613 Epicureum
2510 575 2527 606 ,
2576 531 2651 592 ut
2696 527 3063 615 legendum

651 642 688 726 ᾗ
734 639 851 727 20)
915 641 1111 704 etiam
1159 640 1214 702 si
1262 643 1580 724 agrestem
1628 642 1692 702 et
1739 637 2166 702 inhumanum
2215 637 2613 701 existimares
2632 680 2649 712 ,
2698 637 2916 698 tamen
2962 631 3065 698 li-

649 747 1016 812 bidinosum
1063 748 1126 809 et
1173 743 1494 829 perditum
1541 763 1666 809 non
1711 744 2034 830 putares.”
2126 740 2439 808 Infinitivi
2486 761 2706 806 omnes
2750 739 3051 826 (furere,

651 852 1013 936 coqnooeere)
1073 849 1294 915 eadem
1357 853 1598 915 ratione
1644 855 1747 930 (ut
1790 853 1858 915 in
1907 849 2143 914 talibus
2190 847 2327 913 fieri
2374 846 2648 933 oportet)
2700 866 2850 912 cum
2898 867 3054 912 sen-

651 960 852 1023 tentia
895 957 1120 1040 iuncti,
1169 955 1406 1022 habent
1451 957 1590 1023 vim
1634 956 2013 1041 praedicati,
2063 954 2607 1041 quemadmodum
2658 951 2830 1018 Phil.
2872 951 2937 1017 H
2961 950 3055 1018 7:

654 1063 852 1148 „quid
913 1068 1010 1128 est
1056 1063 1234 1128 aliud
1283 1062 1396 1148 (sc.
1444 1065 1571 1127 nisi
1615 1063 1735 1128 hoc
1792 1062 1959 1149 quod
2008 1067 2080 1128 tu
2126 1063 2284 1129 facis
2304 1111 2323 1146 ‚
2372 1065 2639 1128 recitare
2688 1063 3057 1127 amicorum

650 1167 972 1254 epistolas)
1047 1168 1270 1234 tollere
1338 1190 1417 1235 ex
1483 1172 1622 1236 vita
1679 1173 1853 1238 vitae
1914 1171 2282 1234 societatem
2305 1216 2324 1247 ,
2395 1167 2621 1234 tollere
2684 1171 3049 1235 amicorum

651 1274 964 1360 colloquia
1020 1277 1382 1341 absentium
1397 1272 1466 1339 ‘I”
1522 1275 1761 1362 (palam
1808 1279 2075 1342 recitare
2122 1274 2548 1341 familiarium
2595 1274 2894 1360 epistolas
2942 1289 3049 1342 est

649 1381 872 1447 tollere
931 1384 1297 1447 societatem
1319 1432 1336 1465 ‚
1401 1388 1499 1448 est
1559 1382 1782 1447 tollere
1845 1384 2197 1447 amicorum
2266 1379 2579 1466 colloquia
2628 1381 3043 1468 absentium).

648 1488 724 1552 In
787 1491 1124 1573 postremis
1170 1493 1431 1573 apparet
1477 1486 1862 1554 Vaticanum
1908 1486 2390 1573 praeferendum
2438 1507 2573 1553 esse
2618 1486 3041 1565 'I‘aurinensi3

645 1615 793 1660 nam
857 1596 981 1659 leve
1026 1603 1112 1659 est
1155 1615 1281 1661 non
1328 1599 1536 1680 potest
1585 1597 1821 1660 omitti.
1916 1593 2041 1659 Sed
2086 1595 2265 1678 sequi
2313 1592 2582 1658 debebat
2622 1593 2868 1675 pravior
2914 1613 3041 1660 non

642 1707 862 1781 maior,
933 1723 1049 1766 nec
1117 1700 1408 1787 gradatio
1479 1706 1648 1767 recte
1713 1700 2027 1786 procedit3
2101 1699 2475 1765 dicendum:
2544 1720 2711 1777 „non
2754 1697 2897 1768 leve
2944 1705 3043 1766 est

643 1809 798 1892 hoc,
828 1845 911 1857 —-
938 1811 1201 1894 gravius
1246 1807 1475 1884 istud”‚
1529 1806 1714 1885 „leve
1761 1813 1859 1871 est
1903 1807 2059 1891 hoc,
2106 1805 2316 1872 levius
2362 1805 2605 1891 aliud”,
2656 1805 2865 1884 „illud
2906 1808 3042 1874 iam

644 1916 981 1998 acerbum,
1028 1913 1148 1978 hoc
1195 1915 1392 1977 etiam
1441 1912 1794 1988 acerbius”,
1848 1933 2085 2000 „grave
2130 1913 2250 1978 hoc
2277 1961 2293 1989 ,
2344 1914 2609 2000 gravius
2655 1912 2894 1979 istud”.
2955 1911 3043 1978 Et

644 2023 771 2085 sic:
827 2042 984 2097 „non
1032 2018 1172 2084 leve
1218 2023 1314 2083 est
1365 2021 1434 2100 (i.
1463 2040 1516 2083 e.
1566 2040 1879 2106 magnum
1928 2021 2076 2105 est),
2126 2022 2332 2085 maior
2380 2017 2531 2104 est”,
2580 2024 2730 2085 aut:
2782 2041 3044 2098 „cruen·
3170 2077 3183 2082 ,

646 2132 782 2191 tare
827 2146 1053 2210 corpus
1101 2146 1292 2189 suum
1338 2125 1479 2191 leve
1527 2131 1658 2189 est:
1710 2125 1863 2190 haec
1911 2133 2007 2190 est
2052 2128 2227 2191 vitae
2246 2175 2264 2209 ‚
2313 2125 2523 2190 famae
2548 2175 2563 2202 ,
2615 2123 2843 2191 salutis
2890 2145 3043 2192 suae

646 2231 1062 2310 vulneratio'',
1116 2252 1241 2316 quo
1289 2231 1478 2296 modo
1526 2233 1760 2296 omisso
1810 2237 1996 2296 maior
2042 2231 2414 2319 leg-endum.

739 2445 976 2530 Utique
1036 2447 1105 2508 in
1168 2444 1287 2509 boc
1346 2443 1484 2510 loco
1545 2445 1951 2530 praeferenda
2010 2451 2107 2510 est
2154 2443 2445 2510 Vaticani
2494 2447 2839 2512 auctoritas
2856 2466 2873 2524 ;
2925 2447 3035 2512 sed

646 2552 683 2637 ᾗ
730 2548 816 2617 48
864 2550 937 2618 V.
1002 2571 1274 2637 pravum
1335 2550 1845 2618 additamentum
1907 2551 2130 2617 habet:
2168 2551 2400 2635 partim
2448 2552 2796 2617 mutationes
2846 2551 3033 2639 (recc.

639 2664 861 2743 partim
893 2660 1389 2745 permutationes)
1438 2680 1562 2743 quo
1610 2664 1781 2724 caret
1827 2658 1900 2722 Τ.
1922 2706 1939 2736 ,
1987 2664 2205 2723 contra
2250 2665 2418 2723 recte
2459 2657 2545 2724 V.
2586 2658 2827 2725 indicat
2860 2658 3037 2725 lacu·

643 2786 794 2831 nam
834 2771 981 2831 ante
1025 2777 1308 2849 montem,
1376 2786 1536 2849 quae
1583 2766 1759 2829 deest
1804 2767 1873 2829 in
1918 2763 1991 2827 T.
2040 2761 2149 2829 Sic
2196 2771 2397 2849 certe,
2448 2766 2503 2829 si
2550 2764 2705 2849 quid
2752 2771 3035 2831 statuen-

643 2873 800 2937 dum
845 2874 915 2937 in
961 2872 1100 2937 loco
1147 2871 1381 2942 dubio.
1431 2870 1845 2937 iudicandum
1895 2878 2009 2935 est.
2058 2868 2275 2936 Verba
2320 2871 2476 2936 haec
2526 2878 2716 2937 sunt:

737 2976 842 3043 48.
912 2977 1113 3055 „Ecce
1175 2978 1296 3042 tibi
1355 2974 1516 3041 alter
1577 2974 1943 3061 (Gabinius)
2008 2975 2203 3042 effusa
2250 2979 2383 3042 iam
2427 2979 2714 3042 maxime
2760 2976 2994 3063 praeda
3014 3025 3031 3057 ,

646 3106 841 3170 quam
905 3105 982 3149 ex
1022 3084 1291 3148 fortunis
1336 3081 1861 3167 publicanorum,
1910 3103 2099 3168 quam
2148 3104 2225 3149 ex
2270 3084 2445 3170 agris
2492 3083 2886 3168 urbibusque
2934 3102 3034 3149 so-

646 3192 892 3255 ciorum
941 3190 1344 3265 exhauserat,
1399 3208 1545 3253 cum
1593 3192 1830 3273 partim
1872 3191 2009 3254 eius
2045 3188 2313 3275 praedae
2355 3189 2700 3274 profundae
2740 3188 3035 3255 libidines

646 3294 1087 3378 devorassent,
1135 3295 1371 3380 partim
1418 3314 1584 3360 nova
1629 3296 1937 3380 quaedam
1988 3305 2052 3361 et
2096 3296 2385 3361 inaudita
2430 3295 2717 3362 luxuries
2741 3343 2757 3375 ,
2795 3298 3031 3382 partim

645 3402 842 3465 etiam
891 3402 958 3464 in
1003 3399 1136 3465 illis
1181 3399 1374 3475 locis,
1429 3400 1542 3465 ubi
1588 3404 1803 3466 omnia
1843 3400 2144 3486 diripuit,
2186 3404 2542 3488 emptiones
2584 3404 2851 3487 [partim
2892 3422 3031 3468 mu-

645 3508 938 3592 tationes]
1006 3505 1083 3572 ad
1145 3506 1312 3571 hunc
1375 3504 1721 3571 Tusculani
1787 3555 1802 3570 .
1832 3556 1848 3572 .
1877 3554 1892 3571 .
1923 3556 1938 3573 .
2000 3514 2289 3574 montem
2354 3508 2816 3586 extruendum;
2883 3528 3029 3573 cum

645 3614 778 3677 iam
849 3618 1098 3700 egeret,
1171 3633 1320 3677 cum
1387 3611 1503 3677 illa
1573 3614 1711 3677 eius
1772 3612 2136 3679 intermissa
2197 3612 2617 3680 intolerabilis
2680 3613 3029 3681 aedificatio

646 3720 1063 3796 constitisset,
1115 3740 1182 3783 se
1227 3720 1444 3803 ipsum
1495 3756 1582 3769 —
1629 3720 1770 3805 regi
1818 3718 2150 3806 Aegyptio
2197 3720 2556 3787 vendidit.”

735 3826 1143 3892 Postremum
1204 3826 1325 3891 hoc
1388 3825 1619 3891 accidit
1675 3828 1744 3891 a⁰
1795 3823 1926 3891 698
1952 3874 1967 3905 ,
2016 3846 2141 3911 quo
2188 3823 2503 3893 Gabinius
2553 3847 2701 3892 cum
2750 3829 3029 3893 exercitu

643 3931 930 3998 Romano
993 3932 1436 3997 Ptolemaeum
1496 3934 1564 3996 in
1627 3953 1899 4019 regnum
1946 3935 2266 3998 restituit:
2315 3952 2428 4018 pro
2476 3932 2733 4004 consule
2770 3931 3027 4021 Syriam

644 4038 905 4125 regebat
949 4037 1096 4103 inde
1143 4038 1221 4102 ab
1271 4046 1336 4101 a0
1387 4034 1540 4121 697,
1587 4037 1808 4103 eodem
1856 4058 1980 4123 quo
2038 4035 2256 4105 Cicero
2303 4038 2496 4104 rediit
2557 4044 2623 4105 et
2681 4042 3027 4105 orationem

644 4143 871 4208 habuit
919 4144 996 4208 de
1042 4142 1266 4207 Domo.
1317 4142 1488 4207 Tum
1539 4140 1725 4226 (prid.
1779 4142 1926 4209 Kal.
1976 4144 2112 4209 Oct.
2165 4142 2325 4231 697)
2373 4147 2507 4210 iam
2557 4143 2846 4211 absoluta
2893 4150 3026 4211 erat

643 4246 803 4313 villa
870 4246 1263 4325 Tusculana,
1337 4267 1530 4331 quam
1601 4255 1933 4315 ornaverat
2000 4247 2313 4317 Gabinius
2385 4250 2631 4336 direpto
2704 4248 3024 4318 Ciceronis

643 4350 1036 4437 Tusculan03
1079 4354 1245 4439 quod
1284 4374 1433 4417 cum
1476 4355 1902 4439 proscriptum
1933 4362 2099 4422 esset
2136 4360 2358 4422 statim
2381 4366 2525 4444 post
2548 4357 3025 4423 damnationem

643 4460 780 4523 eius
828 4456 922 4543 (a0
971 4457 1148 4544 696),
1197 4461 1484 4544 sequitur
1528 4464 1604 4525 ut
1652 4462 1925 4547 „praeda
1938 4508 1956 4541 ,
2006 4484 2041 4529 e
2088 4463 2370 4539 ⁸fortunis
2422 4461 2908 4549 publicanorum
2963 4467 3025 4529 et
