3414 5158
663 346 793 419 128
1017 280 1020 285 Ι
1756 357 1948 411 mus·

974 562 979 568 ·
1449 528 1568 593 ἀπ’
1619 529 1827 599 αἰῶνος
1877 531 1997 598 νέος
2048 524 2275 608 ᾤχεο.

651 640 886 705 iuvenis
943 638 1127 705 vitam
1183 635 1512 721 reliquisti.
1582 633 1855 723 Legitur
1915 637 2131 698 autem
2174 631 2374 711 ὤχετο
2422 631 2566 717 (sic)
2614 630 2784 717 apud
2829 628 3055 697 Schol-

615 745 732 811 ,ad
793 744 911 811 Od.
977 770 1043 828 a,
1112 742 1182 827 1,
1245 761 1437 827 quem
1501 739 1774 807 allatum
1839 759 1878 804 a
1930 732 2231 805 'Nauokio
2293 739 2630 823 inspiciens
2684 736 2865 803 video
2909 738 3051 802 iam

651 850 1124 917 Buttmannum
1170 850 1238 913 in
1283 847 1549 913 eandem
1599 846 1760 913 olim
1807 846 2235 911 coniecturam
2282 842 2602 911 incidisse.
2696 841 2899 910 Cuius
2945 846 3053 909 vi-

651 958 819 1025 desis
881 956 1361 1023 annotationem
1425 955 1496 1018 in
1563 951 1735 1019 calce
1785 954 2054 1039 paginae
2100 948 2143 1014 8
2194 950 2293 1015 ed.
2348 948 2564 1017 Schol..
2610 950 2689 1015 ad
2736 948 2879 1027 od„
2929 949 3053 1015 ubi

651 1086 730 1131 ex
769 1063 996 1151 Odyss.
1046 1087 1077 1128 ν
1123 1060 1279 1139 415,
1337 1059 1415 1127 cl.
1464 1080 1614 1126 cum
1662 1060 1691 1122 θ
1740 1056 1893 1136 294,
1942 1061 2111 1123 recte
2158 1055 2396 1134 effecit,
2444 1075 2569 1122 non
2616 1058 3047 1123 necessarium

653 1192 787 1239 esse
853 1170 974 1237 hoc
1041 1190 1234 1235 sensu
1303 1164 1532 1248 οἴχεαι.
1625 1162 1925 1231 Ceterum
1990 1166 2269 1227 metrum
2330 1161 2555 1239 huius,
2619 1182 2812 1247 quem
2874 1182 3051 1257 nunc

653 1282 1004 1343 tractamus
1023 1322 1040 1354 ‚
1088 1275 1215 1341 loci
1259 1274 1383 1339 fert
1429 1274 1627 1339 etiam
1675 1269 1885 1351 οἴχεαι
1906 1316 1922 1347 ,
1976 1268 2255 1334 admissa
2300 1270 2573 1355 synizesi
2620 1268 2880 1355 (quales
2922 1268 3052 1333 for-

651 1403 798 1449 mae
849 1384 1089 1467 ubique
1133 1378 1560 1447 restituendae
1606 1376 1907 1444 videntur
1952 1394 2065 1461 pro
2110 1375 2421 1442 secundae
2468 1394 2767 1461 personae
2821 1374 3047 1441 formis

650 1488 1030 1576 plerumque
1089 1486 1342 1553 traditis
1386 1487 1455 1550 in
1503 1486 1654 1571 HI),
1700 1482 1811 1549 sed
1858 1488 2073 1547 tamen
2118 1486 2264 1547 ante
2308 1501 2634 1549 caesuram
2678 1479 3042 1553 bucolicam

651 1596 826 1662 favet
890 1594 1103 1683 magis
1169 1591 1392 1658 formis
1445 1588 1813 1677 dactylicis,
1885 1608 2089 1674 neque
2145 1585 2387 1669 οἴχεαι,
2456 1590 2593 1655 sive
2640 1586 2816 1669 οἴχῃ,
2870 1586 3041 1673 quod

654 1704 890 1787 sciam,
937 1720 1210 1787 usquam
1254 1700 1324 1763 in
1369 1698 1761 1765 carminibus
1804 1692 2166 1791 Homericis
2210 1700 2535 1780 repertum
2584 1700 2698 1761 est.

1591 2332 2101 2385 eumenum
2206 2378 2212 2385 .

755 2528 912 2597 Sall.
959 2528 1108 2619 Iug.
1163 2526 1266 2598 ¹78.
1319 2528 1380 2595 2.
1443 2552 1578 2595 nam
1625 2532 1743 2596 duo
1786 2541 1931 2596 sunt
1976 2533 2147 2597 cinus
2182 2553 2369 2616 prope
2410 2536 2477 2596 in
2524 2536 2781 2596 extrema
2826 2530 3051 2614 Africa

661 2639 903 2722 inpare&
961 2639 1369 2720 maqnitudine
1413 2643 1564 2722 pari
1607 2645 1865 2703 natura:
1916 2661 2157 2724 quorum
2192 2660 2487 2721 proxuma
2531 2646 2729 2704 terrae
2760 2639 3045 2722 praealta

661 2755 836 2822 sunt,
885 2755 1115 2829 cetera,
1162 2746 1258 2808 nti
1293 2745 1439 2830 sors
1485 2743 1630 2808 tulit
1645 2793 1663 2828 ,
1712 2746 1840 2808 alta
1886 2761 2043 2809 AL1A
2090 2744 2159 2808 in
2205 2750 2541 2828 tempestate
2586 2746 2822 2809 vadosa.

752 2851 858 2917 Ita
915 2853 1134 2939 scripti
1197 2852 1428 2936 optimi
1472 2869 1711 2916 omnes.
1806 2847 2106 2934 Coi-rupti
2149 2852 2485 2937 geminant
2529 2852 2694 2935 alia,
2743 2870 2901 2937 quos
2946 2871 3045 2918 se-

659 2959 797 3024 cuti
855 2957 1129 3024 editores·
1188 2963 1258 3028 et
1317 2958 1665 3021 sententias
1729 2955 1864 3021 vim
1912 2955 2155 3020 faciunt
2200 2960 2265 3022 et
2310 2958 2435 3042 ipsi
2480 2959 2789 3024 sermonis
2832 2955 3047 3024 Latini

661 3062 1120 3130 consuetudini.
1203 3062 1508 3144 praealtis
1587 3063 1760 3126 enim
1820 3081 1949 3126 non
2010 3068 2413 3147 opponuntur
2480 3083 2555 3129 ea
2600 3083 2872 3149 quorum
2920 3063 3047 3129 alia

660 3168 790 3233 alta
835 3172 1018 3244 sunt,
1067 3166 1194 3232 alia
1237 3167 1460 3232 vadosa
1489 3155 1611 3231 'sed
1657 3187 1732 3232 ea
1778 3186 1939 3250 quae
1985 3189 2145 3231 nune
2191 3166 2323 3233 alta
2347 3214 2362 3245 ,
2412 3191 2572 3232 nunc
2619 3169 2853 3236 vadosa
2874 3173 3043 3235 sunt.

661 3276 805 3360 quis
869 3293 1016 3339 vero
1075 3274 1206 3338 alia
1251 3273 1318 3337 in
1363 3279 1701 3356 tempestate
1744 3292 1857 3358 pro
1902 3275 2025 3338 abio
2073 3280 2327 3357 tempore
2373 3272 2589 3339 Latini
2638 3274 2889 3360 dictum·
2932 3280 3043 3340 aut

659 3380 825 3446 vidit
890 3384 1004 3466 aut
1060 3379 1277 3445 videre
1339 3375 1592 3464 potuit?
1653 3385 1907 3463 apertae
1970 3379 2363 3466 corruptelae
2428 3379 2613 3446 facile
2662 3379 3039 3446 remedium.

658 3484 790 3551 Sub
853 3489 979 3548 alia
1039 3484 1199 3550 latet
1257 3501 1448 3550 ALIAS
1496 3484 1663 3569 quod
1709 3486 1924 3568 ipsum
1970 3491 2035 3550 et
2082 3488 2431 3551 sententiae
2477 3488 2634 3551 satis
2680 3487 2835 3552 facit
2881 3506 3040 3571 quae

660 3590 738 3656 de
795 3590 1026 3656 mobili
1083 3593 1360 3676 syrtium
1422 3596 1654 3656 natura
1718 3595 1843 3666 est,
1898 3589 2244 3676 tranquillo
2293 3590 2635 3657 altitudine
2682 3591 2857 3657 haud
2902 3595 3039 3657 m'e-

660 3696 896 3782 diocri,
943 3698 1338 3784 agitantibus
1383 3695 1684 3761 fluctibus
1733 3695 2112 3762 vadosarum
2160 3702 2225 3761 et
2275 3697 2431 3762 alibi
2479 3715 2730 3783 quoque
2775 3700 2844 3764 in
2888 3697 3035 3762 alia.

658 3803 801 3867 aliis
844 3807 990 3869 cett.
1041 3807 1369 3870 mutatum
1415 3808 1512 3868 est
1558 3799 1739 3868 velut
1786 3801 1956 3888 apud
2002 3803 2217 3887 ipsum
2258 3800 2639 3868 Sallustium
2670 3801 2805 3870 Cat.
2844 3803 2947 3868 10.
2974 3802 3037 3868 2.

843 3983 1319 4073 Cantabrigiae.
2252 3983 2314 4051 J.
2360 3983 2436 4051 P.
2488 3985 2847 4054 PosrsA'rn.
