3414 5158
1368 366 1768 419 nsonorus.
2669 348 2757 417 89

465 534 583 603 IV.
633 530 756 602 25:
806 539 985 601 τοῦτο
1032 534 1094 601 δὲ
1137 537 1248 601 οὐκ
1294 534 1613 613 ἐνδέκομαι
1665 534 1835 620 [τὴν]
1886 535 2109 615 ἆρχήν,

465 641 663 709 Recte
718 642 777 708 R
823 642 1068 709 omittit
1107 642 1220 717 τήν
1238 689 1256 721 ,
1306 648 1371 708 et
1414 642 1520 708 hic
1567 645 1634 709 et
1679 642 1856 707 alibi.
1905 640 2011 708 IV.
2063 638 2189 708 28:
2241 641 2468 720 ἡμίονοι
2516 642 2580 707 δὲ
2628 642 2758 708 οὐδὲ

375 746 490 815 ὄνοι
540 747 674 836 [οὐδ
720 747 876 835 deL]
923 746 1252 829 ὥνέχονται
1301 749 1525 829 dmin.

465 963 578 1032 IV.
626 963 751 1031 26:
800 966 912 1041 vino
959 963 1024 1029 δὲ
1069 964 1357 1047 κεφαλὴν
1404 1002 1492 1013 --
1539 967 2033 1047 καταχρυσοῦσι.

463 1068 534 1137 In
600 1072 1064 1157 antiquissimis
1127 1069 1326 1139 Oodd.
1373 1068 1616 1159 legitur
1659 1072 1891 1139 vitiose
1934 1073 2455 1152 ἈΠΟχρυσοῦσι.
2546 1069 2763 1137 Etiam

374 1174 520 1242 aliis
562 1175 722 1242 locis
765 1179 834 1241 in
880 1176 998 1243 AB
1043 1178 1136 1243 sic
1179 1182 1504 1263 peccatur,
1550 1176 1611 1242 R.
1658 1198 1885 1243 verum
1930 1177 2139 1243 habet.

462 1281 766 1349 Nascitur
822 1282 943 1349 hoc
987 1283 1208 1350 men'di
1251 1304 1456 1372 genus
1501 1303 1579 1349 ex
1625 1286 2172 1370 praepositionum
2218 1283 2631 1370 compendiis.
2680 1285 2762 1352 cf.

372 1386 482 1453 IV.
535 1386 643 1454 65.
711 1388 828 1454 ubi
887 1390 956 1454 in
1014 1388 1134 1455 AB
1183 1405 1280 1456 est
1326 1390 1795 1472 περιχρυσώσας
1814 1436 1833 1467 ,
1883 1394 1947 1455 et
1991 1392 2059 1455 in
2106 1389 2167 1455 R.
2212 1410 2364 1458 vera
2410 1390 2603 1458 lectio
2651 1416 2765 1457 κα-

376 1494 816 1577 ταχρυσῶσας.

467 1690 578 1759 IV.
632 1691 756 1758 30:
806 1693 1148 1775 προσθήκας
1203 1730 1284 1743 -—
1327 1695 1354 1759 ὃ
1402 1693 1589 1775 λόγος
1640 1692 1709 1772 ἐξ
1755 1695 1957 1777 ἀρχῆς
2006 1674 2257 1777 ἐδίζητο.

469 1796 578 1865 Sic
621 1798 698 1865 R.
749 1798 826 1865 ln
869 1798 984 1865 AB
1029 1804 1126 1869 est
1171 1798 1428 1883 ἐζήτησε
1473 1822 1588 1887 pro
1633 1799 1871 1884 ἐδίζητο
1917 1801 2332 1869 manifestum
2377 1800 2717 1891 glossema.

464 2015 574 2083 IV.
645 2013 767 2081 31:
834 2016 1068 2083 Σκύθαι
1130 2015 1381 2096 λέγουσι
1427 2054 1510 2066 -
1557 2016 1788 2084 τούτων
1848 2014 2051 2084 εἵνεκα
2113 2020 2219 2085 οὐκ
2282 2013 2425 2084 οῙΟΙ
2486 2043 2560 2085 τε
2606 2014 2763 2085 εἶναι

373 2122 514 2191 οὔτε
561 2124 708 2189 ἰδεῖν
750 2122 822 2188 τὸ
870 2122 1070 2204 πρόσω
1120 2131 1231 2199 τῆς
1284 2124 1524 2205 ἠπείρου
1572 2122 1716 2190 οὔτε
1764 2122 2068 2203 διεξιέναι.

465 2230 685 2319 Longe
731 2234 941 2317 potior
986 2236 1083 2297 est
1125 2230 1319 2297 lectio
1367 2228 1622 2298 Codicis
1663 2230 1725 2296 R.
1771 2233 1878 2297 οὐκ
1924 2226 2036 2297 οἶΑ
2080 2256 2150 2298 τε
2192 2226 2346 2297 εἶναι
2364 2279 2383 2311 ,
2426 2251 2550 2298 non
2590 2234 2763 2299 enim

374 2358 441 2405 se
510 2343 766 2403 tantum
836 2336 944 2402 sed
1015 2357 1236 2403 omnes
1301 2336 1607 2404 mortales
1676 2338 1997 2425 negabant
2062 2338 2337 2405 ulterius
2405 2341 2761 2426 prospicere

375 2464 576 2531 posse.
668 2441 760 2509 Ut
823 2440 1232 2528 Thucydides
1290 2441 1449 2509 solet
1496 2443 1703 2509 dicere
1748 2442 2031 2509 ἀδύνατά
2080 2444 2171 2512 έςι
2194 2490 2211 2519 ‚
2256 2446 2348 2509 sic
2394 2442 2761 2511 Herodotus

375 2551 486 2617 οὐκ
544 2544 644 2617 οἷοὶ
708 2572 778 2615 τε
829 2548 952 2618 lei.
998 2546 1053 2614 1.
1097 2544 1264 2612 194:
1312 2547 1438 2613 ἄνα
1485 2546 1589 2613 τὸν
1640 2547 1921 2628 ποταμὸν
1968 2550 2073 2615 οὐκ
2119 2544 2221 2615 οἷα
2266 2572 2337 2614 τε
2386 2548 2476 2620 ἐς)
2526 2552 2758 2617 πλέειν.

374 2656 488 2723 IV.
557 2654 720 2722 184:
782 2657 862 2729 ὥς
924 2654 1042 2726 τὰς
1104 2653 1376 2736 κορυφὰς
1442 2655 1634 2720 αὑτοῦ
1699 2656 1808 2720 οὐκ
1870 2650 1968 2723 οἷοὶ
2028 2679 2100 2720 τε
2143 2651 2299 2722 εἶναι
2345 2655 2595 2721 ἰδέσθαι.
2686 2656 2763 2723 In

373 2763 541 2830 libro
602 2762 653 2828 Ι.
703 2761 810 2828 91.
873 2759 1220 2850 legendum
1281 2761 1538 2829 videtur
1582 2781 1660 2827 ex
1707 2759 1939 2829 Codice
1985 2760 2081 2826 R:
2128 2763 2237 2828 οὐκ
2283 2756 2450 2828 οἶΟΟ
2497 2785 2569 2828 τε
2623 2762 2762 2850 (pro

373 2864 492 2936 οἶόν
529 2869 626 2958 τε)
668 2867 915 2949 ἐγένετο
955 2875 1366 2948 παραγαγεῖν
1404 2869 1657 2948 μοίρας,
1690 2863 1826 2933 ὅσον
1849 2868 1912 2934 δὲ
1936 2866 2229 2936 ἐνέδωκαν
2254 2865 2447 2935 αὗται
2470 2870 2759 2945 ,ἦνύσατο.

463 3081 574 3151 IV.
626 3081 748 3151 33:
796 3079 949 3150 οὕτω
999 3081 1069 3158 δὴ
1115 3083 1414 3162 Φέροντας
1467 3081 1527 3155 ἐς
1576 3081 1718 3158 τοὺς
1764 3081 1963 3164 οὔρους
2012 3082 2099 3148 τοὶ
2148 3083 2248 3164 ἱρὰ
2296 3081 2657 3162 ἐνδεδεμένα
2699 3085 2761 3149 έν

377 3195 573 3273 πυρῶν
640 3188 906 3272 καλάμη
973 3198 1205 3255 TOTC
1267 3193 1798 3271 πλησιοχώρΟΤΟ
1865 3190 2265 3266 ἐπισκήπτειν
2330 3189 2757 3277 [κελεύοντας]

376 3296 762 3380 προπέμπειν
807 3294 978 3378 σφέα
1024 3295 1152 3360 ἀπὸ
1201 3296 1429 3362 ἑωυτῶν
1478 3295 1538 3368 ἐς
1586 3295 1748 3363 ἄλλο
1797 3293 1975 3370 ἔθνος.

466 3402 726 3490 Repone
793 3402 1216 3492 Wesselingio
1284 3411 1540 3470 auctore
1598 3411 1833 3470 TOICI
1899 3405 2391 3486 πλησιοχώροιΕΙ
2410 3454 2429 3489 ,
2494 3410 2559 3470 et
2620 3403 2761 3470 dele

375 3511 760 3582 κελεύοντας.

466 3616 910 3693 Ἐπισκήπτειν
987 3617 1156 3703 apud
1224 3613 1623 3684 Herodotum
1692 3623 1791 3684 est
1859 3616 2268 3698 προστάσσειν
2290 3663 2307 3696 ,
2379 3615 2756 3681 ἐπιτάσσειν.

372 3723 514 3792 Iam
559 3745 708 3792 vero
754 3726 898 3811 quis
943 3723 1104 3790 ferat
1152 3719 1508 3789 ἐπιτάσσειν
1558 3719 1971 3794 κελεύονταςῖ

465 3933 578 4002 IV.
629 3933 744 4002 33:
796 3937 922 4001 ἀπὸ
970 3935 1034 4002 δὲ
1081 3935 1310 4002 τούτων
1359 3972 1444 3984 -
1492 3933 1954 4016 διαπορεύεσθαι
2005 3936 2064 4008 ἐς
2112 3933 2411 4014 Εὔβοιαν.
2461 3973 2547 3986 -
2595 3935 2666 4001 τὸ
2705 3937 2759 4002 δ’

375 4043 502 4110 ἄπο
550 4041 786 4115 ταύτης
835 4042 1117 4107 ἐκλιπεῖν
1155 4043 1432 4124 Ἄνδρον.

466 4148 712 4217 Vitiose
761 4149 1034 4214 aoristus
1079 4150 1338 4234 ponitur
1386 4149 1462 4216 de
1509 4169 1584 4216 ea
1629 4169 1696 4215 re
1745 4169 1905 4234 quae
1952 4153 2137 4217 statis
2183 4149 2577 4237 temporibus
2622 4147 2735 4216 fier

372 4255 636 4324 solebat.
729 4255 958 4341 Itaque
1005 4255 1446 4325 scribendum:
1499 4257 1865 4336 ἐκλΕΙπειν,
1915 4262 1989 4322 ut
2034 4258 2101 4322 in
2147 4258 2387 4324 vicinia
2434 4257 2760 4336 καταβαί-

375 4387 491 4429 νειν
537 4368 603 4430 et
648 4361 1123 4444 διαπορεύεσθαι.
