3414 5158
1498 381 1739 434 clonae.
2673 363 2806 432 403

414 548 677 616 Licebat
722 568 871 616 sane
915 553 1137 636 poetae
1181 548 1535 636 longiorem
1582 548 1855 615 formam
1904 569 2210 634 usurpare
2225 599 2241 625 ,
2291 569 2416 634 qua
2459 571 2676 616 versus
2700 570 2804 614 88-

416 657 709 742 teroquin
788 655 1199 743 imperfectus
1280 653 1615 742 suppletur
1685 659 1750 732 81
1817 654 2182 721 Ennianum
2251 655 2804 722 homoeoteleuton

418 762 797 829 restituitur.
891 763 991 828 De
1034 765 1267 828 rariore
1314 763 1738 828 contractione
1784 766 1863 826 -ia
1904 764 1973 827 in
1998 761 2214 828 dativo
2239 760 2407 847 plur.
2433 763 2513 828 cf.
2539 762 2804 827 Lachm.

420 867 501 934 ad
558 865 749 934 Luor.
813 869 884 934 H
934 865 959 908 ¹
1007 890 1066 954 p.
1120 867 1289 953 279,
1337 869 1450 934 ubi
1499 889 1578 934 ex
1624 867 1902 954 Turpilii
1949 874 2014 933 et
2061 866 2283 934 Plauti
2320 867 2632 955 exemplis
2676 867 2809 955 ple-

418 993 611 1060 raque
678 980 956 1041 correcta
1026 970 1125 1062 (Ο.
1198 973 1472 1052 Miiller,
1548 973 1764 1040 Plaut.
1817 973 1996 1038 Pros.
2045 994 2104 1059 p.
2159 972 2338 1060 464),
2410 975 2520 1040 sed
2567 973 2673 1040 vel
2719 976 2810 1040 sic

420 1086 637 1146 tamen
705 1085 803 1147 881
870 1080 1082 1146 mulia
1149 1083 1422 1146 minime
1492 1080 1689 1146 dubia
1755 1084 2134 1165 supersunt,
2203 1079 2414 1146 velut:
2478 1081 2811 1164 „iactaque

422 1185 703 1254 Lavinis-
754 1190 1007 1254 moenia
1066 1187 1364 1253 litoribus
1430 1186 1659 1271 „Pi-op.
1709 1185 1780 1251 II
1829 1184 1918 1250 34
1961 1185 1992 1234 b
2017 1184 2104 1250 64
2165 1185 2559 1272 (Baehrens),
2621 1185 2815 1251 taenia

426 1293 595 1378 apud
641 1291 1005 1382 Vergilium
1022 1340 1039 1370 ,
1092 1292 1241 1358 alia.
1333 1292 1602 1378 Eclipsis
1648 1312 1775 1377 quo
1818 1291 2156 1377 respicitur
2179 1297 2275 1357 eat
2311 1311 2350 1357 a
2375 1291 2531 1378 399,
2557 1291 2640 1359 21
2668 1293 2813 1358 188.

411 1421 506 1464 ·ex
552 1401 797 1466 ratione
840 1405 1347 1466 astronomorum
1369 1449 1386 1474 ,
1434 1401 1480 1463 i.
1532 1419 1587 1464 e.
1634 1397 1715 1464 21
1769 1397 1830 1479 d.
1879 1419 1971 1464 m.
2017 1397 2162 1464 Iun.
2209 1418 2246 1462 a
2294 1398 2426 1464 400
2446 1447 2465 1482 ‚
2505 1419 2631 1464 non
2667 1397 2816 1477 alia,

426 1504 597 1592 quod
640 1525 843 1591 nuper
889 1506 1061 1571 docti
1106 1507 1233 1572 viri
1279 1505 1768 1591 perhibuerunt3
1815 1503 2010 1590 paulo
2054 1503 2432 1592 diligentius
2475 1504 2553 1572 de
2598 1525 2672 1570 eo
2711 1505 2818 1592 egi

428 1612 497 1678 in
518 1611 871 1678 Academia
892 1611 1101 1700 Regia
1138 1611 1198 1677 d.
1230 1611 1315 1677 10
1338 1611 1434 1678 M.
1462 1611 1687 1677 Martii
1711 1611 1822 1698 (cf.
1845 1610 2050 1678 Versl.
2076 1630 2154 1677 en
2180 1609 2454 1695 Meded„
2497 1612 2566 1675 30
2587 1609 2822 1695 Reeks,

430 1715 489 1805 Ι)
535 1716 661 1784 Sed
700 1717 863 1784 effici
910 1740 988 1784 ex
1026 1718 1146 1785 hoc
1183 1718 1323 1785 loco
1369 1737 1496 1785 non
1543 1722 1754 1804 potest
1797 1717 2078 1783 Ennium
2125 1737 2364 1783 annum
2409 1717 2656 1784 Romae
2681 1736 2820 1783 con-

432 1823 605 1890 ditae
666 1823 867 1891 simul
922 1844 1453 1891 commemorasse
1467 1873 1483 1902 ,
1550 1825 1855 1910 quoniam
1924 1826 2118 1890 etiam
2166 1826 2234 1888 in
2274 1823 2628 1890 Annalibus
2673 1822 2823 1891 Ma-

433 1932 629 1996 ximis
694 1927 1045 2015 (Ciceronis
1092 1936 1378 2017 tempore
1420 1929 1638 2016 editis)
1678 1951 1984 1996 numerus
2029 1931 2438 2018 consignatus
2485 1951 2619 1996 esse
2662 1929 2822 1995 dici·

434 2043 563 2103 tur.
652 2037 905 2104 Sumsit
948 2038 1215 2104 fortasse
1264 2036 1485 2105 Cicero
1532 2057 1791 2104 versum
1837 2059 1916 2104 ex
1953 2035 2291 2104 annalibus
2337 2037 2564 2122 Ennii,
2603 2037 2822 2116 81080,

434 2145 550 2210 ubi
618 2146 687 2210 in
734 2143 850 2211 illo
897 2165 1082 2231 opere
1126 2144 1425 2211 inventus
1474 2149 1607 2211 erat
1627 2191 1644 2224 ,
1692 2144 1968 2212 efficiens
2013 2164 2178 2212 anno
2206 2145 2360 2230 fere
2408 2143 2570 2210 3500
2618 2144 2700 2210 U.
2749 2141 2821 2212 G.

438 2250 702 2338 eclipsin
748 2252 981 2318 factam
1034 2253 1189 2319 abeo
1235 2254 1456 2319 statui.

520 2357 747 2424 Restat
804 2361 873 2423 in
927 2361 1207 2424 oratione
1268 2378 1435 2423 unus
1494 2356 1869 2442 scrupulus;
1935 2359 2237 2424 scribitur
2291 2356 2359 2423 in
2409 2358 2658 2424 codice:
2718 2358 2828 2436 „id

438 2468 697 2542 „autem
760 2467 979 2548 postea
1040 2483 1121 2528 ne
1165 2467 1453 2528 nostrum
1501 2462 1760 2547 quidem
1810 2462 1983 2550 fugit
2029 2462 2308 2528 Ennium
2329 2511 2348 2546 ‚
2397 2465 2509 2548 qui
2555 2468 2632 2528 ut
2679 2465 2826 2529 scri-

442 2569 583 2649 „bit
606 2618 625 2649 ‚
688 2590 851 2635 anno
911 2570 1442 2657 quinquagesimo
1502 2569 1631 2635 fere
1695 2567 1834 2653 (alt.
1885 2590 1975 2636 m.
2023 2567 2168 2635 add.
2216 2570 2639 2655 trecentesimo)
2685 2575 2830 2657 post

444 2675 759 2757 „Romam
833 2674 1156 2741 conditam
1224 2695 1349 2741 non
1419 2673 1521 2761 (:=
1547 2676 1756 2760 nonis)
1824 2660 2004 2741 Iunia
2066 2674 2187 2741 soli
2250 2675 2404 2742 luna
2463 2677 2714 2743 obstitit
2763 2683 2827 2743 et

439 2803 627 2863 „nom
713 2782 970 2869 Adque''
1037 2780 1178 2847 rell.
1290 2779 1679 2867 corruptum
1750 2785 1856 2867 qui
1919 2788 1990 2846 ut
2054 2782 2258 2847 sot-ibit
2326 2802 2461 2848 8888
2529 2782 2829 2850 viderunt

434 2889 653 2956 Maius
712 2888 912 2976 (delet
975 2895 1093 2967 ut),
1162 2886 1607 2955 Mommsenua
1658 2886 1788 2974 (qui
1832 2892 1919 2952 sio
1961 2887 2201 2972 acribia,
2254 2886 2458 2954 deleto
2504 2888 2618 2974 ut),
2668 2886 2828 2953 Hal-

434 2998 607 3062 mius
677 2996 877 3083 (quum
897 3042 913 3072 ,
970 3002 1047 3065 ,ut
1106 2994 1350 3078 scribit,
1413 2998 1487 3059 ut
1547 3016 1722 3080 quum
1784 2996 1870 3059 sit
1930 2992 2172 3081 Ennii).
2267 2993 2441 3060 Mihi
2487 2995 2828 3061 verborum

436 3102 539 3187 qui
600 3110 671 3166 ut
731 3103 883 3168 ordo
929 3102 1281 3167 mutandus
1328 3100 1618 3167 videtur:
1667 3107 1737 3166 ut
1781 3106 1886 3183 qui
1931 3102 2169 3167 carihat.
2220 3100 2298 3167 cf.
2347 3098 2534 3167 Fam.
2581 3099 2658 3168 V.
2719 3100 2825 3168 18.

436 3206 511 3275 2:
586 3228 777 3285 „cum
847 3214 1013 3271 tuum
1080 3227 1283 3272 unum
1353 3208 1439 3272 sit
1507 3206 1824 3272 iudicium
1895 3228 1972 3273 ex
2018 3211 2153 3273 tam
2199 3204 2431 3273 multis
2446 3252 2466 3285 ,
2517 3207 2686 3292 quod
2731 3228 2826 3273 re-

435 3312 862 3399 prehendatur
880 3361 900 3397 ,
948 3316 1022 3376 ut
1066 3312 1234 3396 quod
1297 3331 1425 3377 888
1476 3314 1788 3382 sententia
1833 3333 2030 3398 eaque
2085 3312 2281 3379 dubia
2325 3316 2646 3399 potentiae
2710 3314 2827 3379 811-

437 3420 620 3485 88188
706 3417 1130 3484 condonatum
1213 3417 1671 3483 existimetur&
1757 3416 1930 3483 Phil.
1997 3416 2113 3484 XI.
2189 3417 2275 3484 30
2362 3418 2467 3506 (ex
2537 3440 2826 3486 sermone

436 3523 684 3611 legali).
732 3522 875 3591 ΝΒ.
924 3522 1011 3589 Π.
1065 3520 1195 3589 144
1218 3573 1233 3599 ,
1289 3543 1478 3608 quem
1528 3522 1746 3589 Kiihn.
1797 3544 1860 3609 p.
1910 3520 2045 3588 852
2085 3528 2408 3609 praeterea
2434 3530 2824 3605 antestatur‚

439 3634 773 3718 corruptus
820 3634 938 3697 881.

530 3843 641 3917 27.
703 3845 989 3914 Dubium
1043 3849 1139 3913 est
1180 3844 1445 3913 inmma
1464 3892 1481 3926 ,
1528 3845 1643 3912 ubi
1689 3845 1846 3913 dicit
1891 3864 2041 3912 eum
2089 3866 2222 3913 8888
2269 3845 2664 3914 fortunatum
2711 3870 2824 3936 pu-

438 3954 705 4021 tandum
725 4002 745 4039 ,
792 3955 905 4039 qui
954 3974 1183 4042 „agros
1226 3957 1293 4019 et
1338 3949 1622 4019 aedificia
1661 3956 1727 4017 et
1764 3950 2036 4038 pecudea
2075 3957 2139 4019 et
2160 3954 2523 4020 inmensum
2575 3958 2824 4044 argenti

436 4060 683 4147 pondus
741 4064 933 4146 atque
986 4062 1129 4126 auri
1186 4060 1350 4126 bona
1414 4080 1530 4125 nec
1576 4064 1802 4145 putare
1848 4079 1962 4125 nec
2007 4058 2326 4146 appellare
2372 4060 2604 4142 soleat,
2655 4063 2824 4150 quod

438 4185 657 4233 earum
726 4186 941 4232 rerum
1003 4165 1299 4233 videatur
1345 4166 1406 4231 ei
1448 4164 1613 4232 levis
1657 4164 1936 4251 fructus,
1984 4168 2259 4254 exiguus
2303 4188 2456 4233 usus
2475 4215 2492 4247 ,
2542 4170 2823 4237 incertus

438 4274 801 4341 dominatus
822 4323 841 4349 ,
888 4292 1074 4358 saepe
1120 4272 1319 4337 etiam
1367 4270 1857 4337 deterrimorum
1901 4270 2240 4338 hominum
2282 4278 2548 4338 inmensa
2585 4295 2823 4361 posses-

436 4378 591 4447 sio”.
686 4377 758 4445 Si
817 4376 1291 4465 aequabilitatis
1352 4398 1541 4445 causa
1604 4377 1996 4445 adiectivum
2060 4377 2320 4464 aliquod
2362 4383 2790 4467 requireretur
2804 4434 2824 4470 ,

438 4492 663 4579 aptum
724 4490 889 4556 esset
931 4486 1177 4551 iniusta.
1272 4482 1398 4553 Sed
1442 4484 1710 4551 inmensa
1753 4504 1878 4553 non
1924 4489 2148 4574 aptum
2195 4491 2320 4567 est;
2373 4491 2682 4576 possessio
2726 4496 2824 4559 est
