3414 5158
7 183 60 280 *131

1351 371 1778 425 mosmos.
2688 349 2774 418 18

371 545 566 610 fuisse
625 546 838 629 ipsum
902 539 1311 608 Martialium
1328 589 1349 627 ,
1410 543 1706 626 reputato
1766 536 1960 604 illum
2018 537 2217 604 fuisse
2266 533 2728 619 ἑκατοντάρχην
2749 581 2769 616 ,

373 655 515 716 tum
565 669 714 715 vero
760 653 856 714 ita
901 648 1306 714 scribendum
1358 647 1554 713 fuisse
1602 647 1713 711 σὺν
1762 643 1845 710 ἓν)
1894 645 2098 725 ἐκείνῳ
2147 644 2428 727 ὑπηρέτῃ.
2506 642 2774 710 Martia-

373 753 503 820 lius
559 777 708 821 cum
753 755 1018 841 reliquis
1067 754 1440 820 discesserat
1456 801 1475 832 ,
1527 753 1637 818 sed
1683 752 1818 819 ἰδὼν
1866 749 2261 820 Caracallum
2304 749 2732 832 μεμονωμένον
2750 797 2771 835 ,

372 863 464 934 ὥς
513 861 598 938 δὴ
647 861 978 936 κληθεὶς
1027 862 1147 927 ὑπ’
1202 861 1458 925 αὐτοῦ
1507 859 1867 939 νεύματι
1904 859 2091 940 ἐρῶν
2130 881 2207 923 τι
2244 859 2281 936 ἢ
2332 857 2774 937 ἀκουσόμε-

374 990 496 1041 νος
548 967 906 1049 προστρέχει
955 967 1339 1055 iug'ulatque
1385 969 1858 1054 imperatorem.

465 1075 518 1140 V
570 1076 632 1153 5,
683 1075 724 1140 3
773 1077 832 1147 ές
879 1071 1032 1147 εἶδος
1085 1074 1146 1139 δὲ
1193 1073 1416 1153 τιοὶρας
1463 1075 1743 1155 ςεφανῆν
1793 1071 2319 1151 ἐπικείμενος
2357 1072 2491 1138 κτέ.
2536 1069 2769 1137 Malim

375 1182 972 1261 περικείμενος.
1019 1179 1165 1245 Vid.
1213 1201 1275 1247 v.
1326 1200 1379 1245 c.
1429 1179 1466 1245 I
1513 1179 1574 1257 3,
1628 1178 1691 1245 3.

463 1287 518 1353 V
568 1287 631 1372 5,
683 1286 723 1352 5
772 1284 1309 1357 κατακλείσαντές
1354 1309 1428 1350 τε
1469 1283 1692 1358 αὐτοὺς
1732 1286 1795 1350 ἐν
1833 1286 1918 1367 τῷ
1959 1284 2313 1366 ςρατοπέδφ
2337 1280 2769 1360 τὸνἈλέξαν-

377 1394 506 1475 δρον
553 1395 614 1459 ἐν
663 1395 734 1459 ίε
752 1417 782 1473 ρ
800 1395 843 1473 ᾧ
892 1391 1090 1470 ἠξίουν
1136 1391 1300 1458 ἰδεῖν.
1396 1393 1727 1459 Assentior
1772 1392 2002 1458 editori
2046 1391 2227 1457 aliud
2271 1390 2471 1459 latere
2515 1387 2773 1476 putanti

377 1521 570 1586 quam
627 1501 688 1564 ἐν
737 1501 950 1579 <τῷ>
999 1500 1133 1579 ἱερῷ
1150 1546 1169 1577 ,
1221 1497 1391 1584 quod
1437 1500 1705 1564 coniecit
1752 1496 2057 1584 Sylburg.
2111 1499 2355 1582 Aptum
2403 1495 2663 1564 videtur
2710 1494 2770 1559 ἐν

379 1609 706 1690 φανερῷ
755 1605 953 1682 ἠξίουν
1003 1605 1170 1670 ἰδεῖν.

470 1713 564 1778 VI
611 1712 674 1798 3,
726 1711 768 1776 3
818 1710 1164 1791 ἐβουλόμην
1212 1711 1365 1795 μέν,
1413 1707 1623 1791 ἄνδρες
1659 1717 2109 1792 συςρατιῶται,
2154 1709 2295 1783 τοὺς
2334 1712 2605 1786 συνήθεις
2626 1708 2771 1789 πρὸς

381 1818 544 1895 ὑμᾶς
594 1820 890 1884 ποιεῖσθαι
937 1817 1163 1896 λόγους
1209 1818 1286 1884 δι’
1332 1814 1410 1883 ὧν
1452 1815 1640 1888 αὐτός
1683 1841 1756 1883 τε
1793 1818 2181 1896 ἓκοσμούμην
2220 1816 2575 1898 δημηγορῶν
2604 1816 2769 1894 ὑμᾶς

376 1949 446 1990 τε
488 1925 822 1995 ἀκούοντας
867 1923 1208 2004 εὔφραινον.
1258 1924 1370 1990 Bis
1409 1929 1664 2010 propter
1684 1925 2047 1990 vicinarum
2072 1923 2438 1991 litterarum
2462 1921 2767 1990 similitu·

377 2030 588 2096 dinem
630 2029 874 2096 excidit
911 2029 1142 2097 vocula
1174 2027 1282 2108 ἄν,
1328 2035 1474 2096 ante
1497 2026 1704 2110 ἄνδρες
1730 2035 1967 2096 stante
1991 2028 2202 2104 αὐτός.
2249 2029 2478 2119 Pergit
2500 2032 2627 2098 sic:
2657 2031 2763 2097 καὶ

376 2136 445 2201 τὸ
502 2137 618 2215 μὲν
661 2137 880 2218 ἄρχειν
927 2138 1149 2203 ἀδίκων
1195 2137 1386 2218 ἔργων
1436 2135 1544 2202 οὐκ
1594 2137 1954 2215 εὐγνώμονα
2005 2135 2034 2202 ἔ
2049 2160 2191 2221 χει
2240 2137 2349 2212 τὴν
2398 2136 2765 2218 πρόκλησιν,

376 2244 446 2310 τὸ
492 2243 554 2309 δὲ
599 2245 740 2316 τοὺς
789 2244 1196 2325 ἐνοχλοῦντας
1237 2243 1635 2310 ἀποσείεσθαι
1685 2240 1755 2308 ἔκ
1802 2267 1874 2308 τε
1920 2252 2031 2320 τῆς
2080 2244 2325 2323 ἀγαθῆς
2374 2243 2764 2320 συνειδήσεως

379 2347 408 2416 ἔ
420 2373 548 2431 χει
597 2350 666 2416 τὸ
714 2349 1076 2432 θαρραλέον,
1125 2350 1231 2417 καὶ
1281 2352 1350 2416 ἐκ
1394 2355 1503 2416 τοῦ
1553 2353 1642 2428 μὴ
1683 2350 1917 2416 ἀδικεῖν
1956 2351 2109 2417 ἀλλ’
2146 2349 2489 2430 ἀμύνεσθαι
2530 2352 2770 2431 ὑπὲρ·

376 2480 429 2538 χ
447 2481 512 2522 ει
563 2457 632 2522 τὸ
673 2456 911 2523 εὔελπι.
960 2455 1290 2524 Sententia
1335 2461 1400 2522 et
1444 2455 1572 2522 loci
1617 2457 1999 2542 compositio
2038 2456 2368 2543 postulant
2407 2481 2515 2523 πα
2534 2481 2563 2538 ρ
2582 2455 2611 2522 έ
2624 2481 2725 2539 χε
2746 2483 2767 2523 ι

377 2584 494 2652 pro
541 2561 840 2645 ὑπάρχει,
892 2583 1054 2648 quae
1101 2562 1294 2629 verbs
1340 2583 1379 2629 a
1421 2560 1703 2627 librariis
1750 2582 1936 2647 saepe
1982 2562 2479 2631 confunduntur.
2553 2563 2774 2632 Etiam
2824 2586 2831 2591 ·

379 2668 738 2757 elegantius
800 2670 1047 2736 abiecto
1103 2667 1300 2735 altero
1347 2665 1481 2748 ἔχει
1530 2666 1881 2756 legeretur:
1936 2670 2006 2734 τὸ
2057 2666 2119 2733 δὲ
2167 2669 2307 2743 τοὺς
2358 2670 2769 2752 ἐνοχλοῦντας

378 2776 773 2841 ἀποσείεσθαι
845 2773 914 2841 ἔκ
982 2798 1053 2838 τε
1111 2782 1224 2851 τῆς
1287 2776 1528 2853 ἀγαθῆς
1591 2773 1984 2851 συνειδήσεως
2050 2774 2119 2844 τὸ
2167 2774 2495 2857 θαρραλέον
2544 2778 2650 2843 καὶ
2704 2776 2772 2841 ἐκ

376 2888 483 2947 τοῦ
551 2883 641 2959 μὴ
699 2883 931 2948 ἀδικεῖν
976 2883 1126 2947 ἀλλ’
1176 2881 1519 2960 ἀμύνεσθαι
1569 2884 1638 2949 τὸ
1685 2880 1903 2949 εὔελπι
1954 2882 2332 2964 παρέχει.
2430 2882 2557 2951 Sed
2600 2886 2776 2972 prior

378 2991 682 3055 correctio
727 2987 1010 3055 sufficere
1054 2987 1328 3055 videtur.

469 3094 599 3160 VII
660 3095 727 3172 2,
800 3095 840 3161 5
914 3097 964 3161 οἱ
1027 3095 1090 3161 δὲ
1154 3094 1450 3176 Γερμανοὶ
1516 3094 1641 3159 ἀπὸ
1707 3096 1819 3172 μὲν
1882 3102 2001 3160 τῶν
2049 3095 2309 3176 πεδίων,
2358 3098 2462 3164 καὶ
2512 3097 2571 3164 εί
2613 3121 2775 3170 τινες

380 3200 536 3279 ἦσαν
580 3208 780 3284 χῶραι
829 3200 1090 3281 ἄδενδροι
1113 3250 1130 3279 ,
1175 3202 1779 3287 ἀπεκεχωρήκεσαν,
1820 3201 1879 3265 ἐν
1920 3202 1982 3267 δὲ
2025 3212 2168 3275 ταῖς
2195 3200 2373 3277 ὕλαις
2401 3206 2772 3286 ἐκρύπτοντο

380 3311 519 3390 περί
579 3334 648 3374 τε
711 3312 795 3376 τα
858 3306 970 3384 ἕλη
1034 3308 1367 3388 διέτριβον,
1430 3311 1506 3381 ὦς
1568 3310 1698 3373 ἐκεῖ
1740 3309 1859 3380 τὰς
1906 3308 2137 3389 μάχας
2186 3310 2291 3375 καὶ
2351 3313 2470 3383 τὰς
2520 3311 2773 3393 ἐφόδους

382 3424 676 3493 ποιοῖντο,
740 3423 852 3489 τῆς
919 3417 1247 3495 συνεχείας
1312 3420 1430 3479 τῶν
1495 3420 1706 3494 Φυτῶν
1754 3417 2431 3499 οὶπασχολούσης
2480 3418 2555 3491 ές
2605 3419 2776 3485 ἑαυ-

381 3524 521 3596 τὴν
568 3524 654 3586 τοὶ
700 3520 862 3599 βέλη
913 3522 1018 3586 καὶ
1069 3522 1156 3586 τὰ
1203 3520 1460 3587 ἀκόντια
1506 3523 1625 3586 τῶν
1665 3521 1995 3597 πολεμίων.
2048 3522 2190 3588 Non
2230 3522 2495 3609 pulchre
2519 3525 2769 3590 dictum

383 3633 478 3693 est
540 3629 1032 3709 ἀπασχολούσης
1095 3629 1180 3693 τὸ.
1228 3629 1419 3707 βέλη,
1475 3628 1582 3694 sed
1629 3648 1887 3714 prorsus
1942 3630 2173 3695 absone
2220 3630 2478 3696 additur
2524 3632 2585 3705 ἐς
2636 3631 2778 3695 ἑαυ-

381 3734 514 3809 τήν.
573 3730 864 3800 Fortasse
910 3734 1065 3801 latet
1115 3734 1220 3799 hic
1267 3734 1509 3819 aliquid
1554 3735 1727 3801 vitii.

474 3838 600 3906 VII
651 3840 714 3926 4,
764 3840 804 3906 3
853 3842 1167 3907 κελεύουσι
1217 3840 1444 3920 νύκτωρ
1489 3840 1815 3905 κατελθεῖν
1862 3838 2002 3910 τοὺς
2054 3840 2122 3903 ἐκ
2164 3844 2279 3904 τῶν
2319 3843 2525 3922 ἀγρῶν
2553 3840 2778 3925 [νεανί-

382 3947 591 4034 σκους]
618 3997 636 4031 ,
682 3947 849 4023 ξύλα
889 3972 960 4013 τε
1001 3948 1104 4012 καὶ
1153 3950 1433 4019 πελέκεις
1463 3946 1891 4026 ἐπιφέρεσθαι,
1920 3939 1973 4010 οἳ
1998 3946 2059 4011 δὲ
2086 3947 2433 4018 πεισθέντες
2463 3946 2777 4012 κελεύουσι

381 4065 508 4129 τοῖς
559 4053 890 4119 δεσπόταις
937 4056 1048 4134 πρὸ
1096 4062 1205 4127 τῆς
1255 4050 1330 4117 ἕω
1379 4056 1666 4127 συνῆλθον
1714 4054 1773 4123 ἐς
1821 4054 1931 4129 τὴν
1980 4054 2179 4118 πόλιν.
2251 4054 2353 4119 Ad
2397 4057 2777 4119 sententiam

382 4168 558 4228 recte
606 4159 854 4227 Gedike
899 4180 1014 4247 pro
1060 4163 1402 4231 νεανίσκους
1451 4160 1725 4225 coniecit
1770 4160 2053 4239 οἰκέτας,
2103 4161 2213 4226 sed
2259 4180 2406 4226 cum
2455 4160 2627 4226 haud
2676 4182 2775 4228 sa-

385 4270 470 4333 tis
540 4266 863 4353 probabile
929 4265 1222 4333 videatur
1241 4314 1257 4345 ,
1301 4265 1683 4333 vocabulum
1734 4268 1825 4332 sic
1873 4266 2291 4351 depravatum
2342 4288 2475 4333 esse
2500 4318 2516 4345 ,
2567 4270 2778 4335 nescio

385 4373 516 4438 fere
579 4394 656 4438 an
721 4372 954 4439 melius
1010 4374 1369 4438 statuamus
1415 4372 1686 4439 sciolum
1735 4392 1882 4437 cum
1932 4375 1997 4437 in
2045 4374 2431 4461 praegressis
2476 4375 2778 4440 νεανίσκοι

387 4498 558 4547 mem
566 4482 728 4545 orati
789 4483 946 4560 sint,
1014 4482 1412 4565 ineptissime
1466 4479 1535 4544 id
1598 4478 1984 4545 vocabulum
2050 4480 2127 4546 de
2174 4499 2287 4547 suo
2334 4480 2775 4569 interpolasse,
