3414 5158
692 355 827 422 422
1678 376 2076 426 monorus.

689 542 753 608 δὲ
813 567 855 606 α
876 543 1011 608 ὖτό
1074 539 1192 608 ὅτε
1252 539 1695 624 χειρόμακτρον
1758 541 2030 616 ἔκτηται.
2144 540 2325 607 Stein
2387 542 2659 629 iungens
2720 540 3118 619 λαβόμενος

688 655 799 723 τῆς
862 655 1147 731 κεφαλῆς
1208 653 1435 716 statuit
1494 649 1581 715 H.
1642 650 1991 734 improprie
2013 673 2020 680 ·
2039 651 2132 714 sic
2180 648 2418 713 dixisse
2463 667 2578 733 pro
2623 651 2731 713 τοῦ
2771 647 3118 728 δέρματος

686 757 823 823 sive
881 758 998 820 τῶν
1044 762 1269 837 τριχῶν
1310 758 1417 830 τὺν
1464 756 1754 837 κεφαλὴν
1801 756 2016 820 ἐκσείει
2038 805 2056 839 ,
2102 754 2269 840 quod
2319 775 2394 820 eo
2439 752 2762 820 difficilius
2811 756 3116 821 admitti

686 867 895 946 potest
912 911 930 945 ,
978 864 1129 943 quia
1172 865 1499 946 sequentia
1538 865 1755 928 omnia
1797 863 2121 928 obiectum
2168 861 2405 926 habent
2449 880 2577 926 non
2611 861 2721 934 τὴν
2761 863 3114 943 κεφαλήν,

686 965 797 1031 sed
850 966 922 1031 τὸ
968 965 1184 1050 δέρμα,
1231 967 1399 1052 quod
1439 970 1848 1052 praecessisse
1893 972 2168 1034 testatur
2205 985 2458 1053 quoque
2479 986 2827 1053 pronomen
2851 967 3112 1043 αὐτήν.

687 1071 831 1138 Nisi
900 1075 1157 1160 egregie
1224 1071 1413 1140 fallor
1436 1123 1452 1150 ‚
1515 1093 1772 1158 prorsus
1833 1072 2008 1138 idem
2071 1093 2242 1140 error
2303 1073 2474 1138 hunc
2535 1072 2752 1140 locum
2799 1074 3111 1149 invasit,

686 1197 876 1263 quem
938 1179 1095 1244 olim
1157 1181 1225 1244 in
1285 1179 1730 1267 Aristophanis
1791 1179 2176 1265 Thesmoph.
2225 1177 2354 1244 511
2405 1179 2649 1246 detexit
2690 1185 2756 1245 et
2801 1182 3112 1246 correxit

684 1283 995 1374 Hirschig
1030 1285 1390 1354 scribendo:

2000 1395 2038 1469 ἥ
2082 1392 2136 1458 δ’
2183 1391 2530 1472 ἐξέσπασεν

1048 1499 1116 1565 ἐκ
1162 1503 1271 1564 τοῦ
1318 1497 1593 1577 ςόματος
1639 1499 1726 1564 τὸ
1775 1497 2080 1582 κηρίον,
2129 1497 2200 1563 τὸ
2257 1497 2314 1564 δ’
2364 1497 2709 1580 ἀνέκραγεν

682 1624 797 1692 pro
862 1603 1035 1672 male
1096 1626 1247 1671 sana
1306 1601 1615 1670 Codicum
1674 1603 1948 1670 lectione
2013 1607 2124 1669 τοῦ
2189 1604 2452 1681 παιδίου,
2519 1604 2687 1690 quod
2751 1603 3098 1692 glossema

679 1714 961 1799 genuina
1019 1710 1329 1777 vocabula
1382 1709 1883 1777 oblitteraverat.
1976 1709 2224 1796 Nempe
2285 1710 2651 1777 Herodotus
2697 1711 3096 1796 scripserat:

680 1817 784 1882 καὶ
847 1816 1195 1895 λαβόμενος
1251 1819 1387 1882 τοῦ
1439 1815 1836 1898 δέρματος
1885 1816 2102 1882 ἐκσείει
2126 1865 2144 1895 ,
2193 1816 2330 1884 scil.
2380 1818 2492 1892 τὺν
2539 1817 2846 1899 κεφαλήν,
2899 1818 3090 1903 quod

678 1922 1009 1988 commode
1054 1921 1458 2010 intellegitur
1504 1943 1581 1988 ex
1629 1943 1996 2010 praegresso
2042 1925 2414 2008 pronomine
2456 1924 2670 1999 αὐτήν.
2737 1920 3090 1990 Glossator

678 2031 1201 2114 superscripserat
1253 2037 1365 2105 τῆς
1428 2035 1718 2111 κεφαλῆς
1735 2077 1750 2108 ,
1805 2033 1878 2094 ut
1925 2029 2125 2096 lector
2168 2028 2414 2096 scilicet
2457 2029 2850 2117 intelligeret
2897 2028 3087 2116 quod

673 2133 894 2200 fallere
953 2136 1165 2219 potuit
1226 2136 1550 2200 neminem
1564 2183 1582 2219 ,
1634 2133 1714 2200 de
1757 2137 1987 2220 capitis
2031 2133 2200 2220 pelle
2247 2155 2610 2202 sermonem
2652 2155 2786 2202 esse
2801 2185 2820 2220 ‚
2869 2141 2942 2202 et
2993 2134 3086 2201 li-

677 2239 924 2305 brarius
968 2239 1292 2327 glossema
1335 2259 1448 2325 pro
1497 2242 1796 2328 genuinis
1815 2290 1833 2324 ,
1881 2245 1958 2306 ut
2001 2239 2077 2306 fit
2093 2290 2112 2326 ,
2159 2241 2516 2308 introduxit
2563 2242 2629 2306 in
2679 2245 2958 2309 textum.
3023 2244 3030 2248 ⁷

765 2449 875 2517 IV.
924 2449 1028 2520 6¹7.
1081 2449 1279 2524 θέντες
1325 2449 1566 2532 χάμΑΙ
1617 2452 2112 2529 ΔΙεξειλίσσουσι
2161 2452 2408 2527 αὐτούς.
2502 2452 2880 2544 Corrigatur
2919 2453 3080 2533 ἐξει-

674 2557 972 2625 Λίσσουσι.
1065 2557 1459 2645 Praepositio
1528 2564 1641 2626 aut
1713 2582 1792 2626 ex
1861 2561 2152 2647 sequenti
2224 2563 2688 2647 praepositione
2705 2613 2723 2647 ,
2787 2581 3075 2647 quacum

676 2686 861 2751 saepe
908 2665 1348 2749 confunditur,
1396 2666 1683 2732 adhaesit
1723 2672 1836 2732 aut
1881 2687 1959 2732 ex
2004 2686 2374 2755 praegressa
2415 2668 2827 2755 diphthongo.
2903 2666 3074 2733 Ver·

675 2774 833 2838 bum
897 2770 1290 2848 διεξελίττειν
1350 2771 1764 2838 eximendum
1829 2778 1925 2839 est
1987 2772 2231 2841 lexicis·
2324 2771 2632 2861 Sequenti
2693 2770 3070 2839 συνειλέουσι

678 2883 969 2944 accurate
1037 2880 1377 2962 opponitur
1437 2876 1862 2954 έξειλίσσουσι.
1957 2876 2116 2944 Post
2177 2898 2382 2964 pauca
2445 2878 2557 2944 ubi
2621 2878 2864 2967 legitur
2908 2880 2961 2944 οἱ
3011 2876 3068 2942 δ’

680 2984 999 3063 Ἐνάρεες,
1050 2984 1115 3049 οἱ
1164 2979 1687 3062 ἀνδρόγυνοι,
1738 2982 2086 3049 admodum
2127 2988 2499 3069 suspectum
2537 2984 2736 3050 habeo
2759 2986 3064 3069 interpre-

677 3094 1035 3155 tamentum
1084 3109 1209 3154 non
1252 3090 1675 3154 necessarium
1722 3090 1800 3155 ob
1849 3087 1900 3153 1.
1955 3086 2085 3154 105
2130 3094 2290 3155 extr.
2383 3088 2460 3155 In
2517 3088 2834 3175 plerisque
2881 3088 3066 3179 libris

678 3200 775 3261 est
836 3194 941 3259 καὶ
1006 3194 1058 3259 01
1104 3191 1492 3273 ἀνδρόγυνοι,
1541 3200 1617 3259 ut
1662 3192 1868 3260 solent
1910 3192 2302 3281 glossemata
2348 3196 2572 3283 augeri
2621 3194 2898 3280 copulis,
2943 3214 3060 3260 nec

676 3304 1009 3386 propterea
1070 3300 1199 3366 viri
1264 3298 1435 3364 docti
1502 3301 1812 3385 suspicari
1879 3299 2226 3367 debuerant
2287 3300 2372 3367 H.
2440 3302 2764 3386 scripsisse
2816 3303 2880 3367 οἱ
2925 3324 2965 3367 κ
2985 3300 3060 3366 αἱ

678 3404 1041 3488 ἀνδρόγυνοι,
1089 3404 1258 3492 quod
1301 3424 1427 3471 non
1474 3410 1571 3472 est
1616 3406 1755 3471 stili
1799 3405 2168 3473 Herodotei.

768 3619 877 3686 IV.
928 3617 1037 3684 68.
1083 3616 1374 3699 λέγοντες
1420 3620 1539 3685 τῶν
1584 3620 1750 3688 ἀςῶν
1792 3617 1896 3683 τὸν
1945 3617 2024 3684 ἂν
2068 3618 2141 3693 δὴ
2189 3617 2508 3698 λέγωσι.
2603 3617 2839 3687 Contra
2883 3641 3064 3687 men·

678 3730 811 3793 tem
879 3726 1202 3811 scriptoris
1221 3775 1239 3810 ,
1303 3731 1377 3790 ut
1424 3724 1591 3790 mihi
1636 3724 1896 3810 quidem
1943 3724 2232 3802 videtur,
2279 3724 2342 3791 Ν
2345 3726 2494 3792 aber
2538 3726 2832 3811 probavit
2874 3725 3064 3793 Vati·

678 3832 822 3918 cani
882 3828 1221 3897 lectionem
1286 3829 1616 3917 θέλωσι[ν].
1709 3829 1893 3897 Nihil
1954 3830 2128 3896 enim'
2183 3836 2280 3897 est
2325 3832 2392 3896 in
2438 3834 2848 3917 sequentibus
2895 3833 3064 3900 unde

679 3938 819 4003 iure
865 3936 1098 4003 efficias
1141 3940 1319 4003 vates
1364 3934 1752 4023 Scytharum
1801 3940 1936 4001 arte
1979 3955 2098 4001 sua
2141 3938 2236 4001 ita
2279 3942 2583 4022 perpet-uo
2629 3939 2860 4005 abusos
2903 3959 3061 4005 esse.

679 4040 881 4127 Saepe
940 4046 1159 4107 autem
1218 4042 1313 4106 ita
1366 4062 1517 4107 oum
1576 4040 1722 4106 aliis
1775 4040 2062 4127 loquitur
2121 4040 2208 4106 H.
2266 4064 2328 4107 v.
2379 4062 2436 4109 c.
2481 4061 2632 4109 mox
2677 4064 2732 4109 c.
2783 4042 2870 4112 ¹70
2915 4046 3062 4109 init.

679 4146 849 4228 ὅρκια
913 4145 977 4214 δὲ
1037 4150 1349 4213 ποιεῦνται
1400 4143 1513 4212 ὦδε
1558 4145 1703 4227 πρὸς
1752 4148 1891 4219 τοὺς
1941 4144 2018 4212 ἀν
2066 4145 2384 4214 ποιέωνται
2427 4152 2492 4213 et
2538 4170 2672 4235 cap.
2724 4150 2850 4213 146
2899 4148 3061 4215 κτεί-

680 4274 839 4319 νουσι
890 4252 951 4319 δὲ
996 4252 1137 4326 τοὺς
1178 4250 1255 4317 ἀν
1301 4254 1572 4319 κτείνωσι
1622 4249 2094 4330 Λακεδαιμόνιοι
2143 4252 2378 4326 νυκτός.

770 4357 848 4423 In
908 4362 1194 4425 extremo
1260 4361 1467 4445 capite
1524 4360 1727 4425 miror
1791 4363 2206 4425 structuram:
2287 4356 2566 4425 δέδοκται
2611 4382 2695 4425 το
2708 4366 2824 4424 ἰ’σι
2872 4382 2970 4439 τρ
2985 4356 3060 4425 ὥ-

680 4486 895 4530 τοισι
940 4469 1057 4529 τῶν
1104 4464 1377 4543 μαντίων
1422 4465 1744 4531 αὐτοῖσι
1789 4462 2178 4531 ἀπόλλυσθαι
2203 4483 2318 4550 pro
2353 4463 2540 4538 τοὺς
2581 4458 3056 4546 πρώτους-
