3414 5158
1398 369 1808 421 naono‘rus.
2663 354 2788 419 151

409 535 834 616 κατεφαίνετό
889 544 1005 614 σΦι
1075 531 1227 601 εἶναι
1291 534 1574 599 ἀδύνατοι
1634 533 1719 598 τά
1765 534 2061 613 βασιλέος
2111 534 2467 617 πρήγματα
2515 534 2792 615 ὑπερβαι-

407 642 621 707 λέσθοιι
671 644 803 707 κτὲ.

494 750 789 813 Primum
854 770 1149 837 expunge
1214 748 1557 814 molestum
1614 747 1719 813 τά.
1769 746 2044 813 Perinde
2091 750 2188 811 est
2236 746 2444 812 dicere
2491 746 2790 823 μαθόντες

408 860 619 922 ταῦτα
691 855 986 934 γινόμενά
1055 858 1123 921 ἐκ
1184 862 1299 920 τῶν
1368 852 1569 920 Ἰώνων
1634 860 1699 921 et
1761 854 2060 932 μαθόντες
2125 852 2264 924 τοὺς
2320 852 2538 927 Ἴωνας
2585 856 2796 919 ταῦτα

407 964 741 1034 ποιέοντᾶις.
838 960 1132 1048 Namque
1196 970 1269 1027 ut
1318 960 1543 1028 Latine
1572 963 1798 1045 facete
1844 966 1908 1027 et
1937 964 2128 1047 fieri,
2177 962 2268 1027 sic
2315 956 2557 1028 Graece
2603 968 2792 1025 ποιεῖν

408 1074 471 1135 et
517 1070 841 1149 γίγνεσθαι
887 1070 1011 1135 sibi
1057 1072 1223 1133 inter
1276 1090 1341 1132 se
1388 1068 1801 1153 respondent,
1849 1074 1924 1133 ut
1969 1088 2162 1153 supra
2209 1066 2621 1133 ostendimus.

494 1175 569 1241 In
630 1197 762 1263 sqq.
826 1173 1098 1241 mirifica
1160 1178 1256 1239 est
1318 1174 1601 1239 confusio
1650 1180 1714 1239 et
1760 1174 2172 1259 perturbatio,
2270 1172 2472 1239 Verba
2525 1171 2790 1240 ἐδέκοντο

406 1280 545 1355 τοὺς
617 1282 837 1360 λόγους
908 1281 1297 1347 alienissima
1368 1280 1513 1345 sede
1574 1278 1880 1345 collocata
1945 1284 2094 1343 sunt
2157 1282 2324 1343 inter
2370 1275 2514 1354 ἅμα
2560 1278 2676 1363 μέν
2723 1286 2788 1345 et

408 1386 547 1467 ἅμα
596 1388 677 1453 δέ.
748 1386 1045 1473 Suspicor
1088 1408 1161 1453 ea
1207 1386 1401 1453 verba
1446 1387 1539 1451 sie
1586 1388 1653 1451 in
1700 1387 2038 1470 pristinam
2085 1384 2300 1451 sedem
2346 1386 2563 1450 reduci
2610 1405 2790 1471 opor·

408 1499 581 1571 tere,
647 1502 721 1559 ut
764 1495 1115 1560 scribatur:
1168 1530 1250 1542 —
1302 1494 1565 1557 ἐνθαῦτα
1614 1490 1683 1567 33,
1739 1495 1884 1572 παρ’
1935 1489 2197 1563 Αῖάκεος
2247 1495 2354 1556 τοῦ
2405 1499 2791 1564 Συλοσῶντος

408 1600 703 1687 (ἐδέκοντο
764 1602 905 1673 τοὺς
953 1600 1200 1681 λόγους)
1249 1597 1473 1671 κείνους
1526 1599 1663 1669 τοὺς
1717 1597 1996 1677 πρότερον
2042 1594 2289 1677 ἔπεμπε
2337 1597 2585 1682 (λόγους
2635 1597 2790 1683 del.)

407 1706 435 1771 ὃ
484 1708 725 1783 Λῖἀκης
772 1704 1138 1772 κελευόντων
1186 1711 1301 1769 τῶν
1350 1703 1643 1783 Περσέων.

494 1916 597 1982 VI.
656 1915 773 1982 13:
825 1916 962 1982 ἐπεί
1006 1940 1075 1981 τε
1124 1912 1372 1998 nixas-a.
1414 1910 1571 1980 εἶδον
1618 1915 1758 1988 τοὺς
1802 1914 2019 1989 Ἴωνας
2069 1916 2134 1981 οὐ
2180 1914 2588 1995 βουλομένους
2633 1912 2787 1983 εἶναι

402 2022 691 2107 xpm-0254.

495 2132 575 2197 In
643 2130 933 2198 Romano
1003 2126 1237 2195 Codice
1296 2148 1411 2214 pro
1470 2129 1532 2193 οὐ
1600 2127 2010 2207 βουλομένους
2075 2128 2314 2216 legitur
2361 2127 2750 2209 ἀρνευμένους
2773 2175 2789 2207 ,

402 2258 561 2324 quae
608 2239 744 2302 sine
790 2237 1215 2303 controversie
1264 2240 1360 2299 est
1408 2255 1557 2301 vera
1602 2237 1939 2321 scriptura.
2032 2235 2194 2312 Quis
2239 2236 2498 2303 tandem
2546 2241 2787 2303 morta-

396 2340 561 2411 lium
609 2364 721 2430 pro
769 2346 832 2409 οὐ
873 2342 1279 2421 βουλομένου,-
1322 2341 1399 2407 de
1440 2362 1554 2407 suo
1596 2342 2032 2409 substituisset
2059 2340 2502 2423 ἀρνευμένουςῗ
2553 2341 2786 2409 Contra

402 2452 701 2531 ἀρνοῦμαι
750 2445 900 2514 εἶναι
950 2447 1179 2530 xpus-dc,-
1227 2468 1341 2529 pro
1388 2449 1727 2513 ἐθελοκακεῖν
1773 2469 1900 2513 non
1946 2454 2042 2515 est
2088 2453 2434 2535 protritum
2483 2455 2550 2515 et
2593 2447 2790 2518 Grae·

400 2557 562 2624 culis
608 2556 989 2622 inauditum.
1058 2554 1283 2640 Itaque
1330 2556 1774 2640 superscripsit
1821 2558 2031 2621 neseio
2077 2556 2219 2640 quis
2267 2557 2333 2621 οὐ
2379 2556 2786 2634 βουλομένους

404 2671 469 2732 et
512 2664 753 2731 factum
803 2667 899 2729 est
941 2662 1109 2748 quod
1158 2660 1409 2726 essolet.

492 2865 601 2942 VI:
653 2875 775 2940 14:
839 2876 944 2940 οὐκ
1006 2874 1131 2955 ἔχω
1195 2873 1492 2954 ἀτρεκέως
1558 2872 1934 2952 συγγράψαι
1985 2871 2194 2948 οἵτινες
2244 2880 2362 2939 τῶν
2409 2873 2612 2940 Ἰώνων
2662 2875 2792 2955 έγί-

403 3006 564 3049 νοντο
612 2980 819 3061 ἄνδρες
871 2982 1045 3046 κακοὶ
1099 2981 1161 3068 [ἦ
1205 2979 1463 3066 ἀγαθοὶ]
1513 2981 1573 3044 ἓν
1620 2989 1697 3060 τῇ
1748 2981 2074 3062 ναυμαχίῃ
2122 2979 2346 3062 ταύτῃ.

494 3089 909 3174 Perineptum
952 3085 1271 3153 emblema
1312 3085 1510 3150 simul
1547 3085 1673 3152 loei
1717 3089 2102 3152 sententiam
2141 3093 2207 3153 et
2245 3090 2582 3155 verborum
2624 3110 2793 3155 eom-

404 3195 783 3282 positionem
831 3193 1042 3261 vitiat.
1094 3192 1166 3258 Si
1212 3193 1329 3258 hoe
1376 3192 1683 3262 voluisset
1723 3193 2089 3260 Herodotus
2130 3194 2394 3260 dixisset
2433 3193 2538 3260 xx>
2579 3193 2788 3270 οἵτινες

405 3302 653 3379 ἀγαθοί.
701 3299 823 3366 Sed
869 3299 1155 3385 loquitur
1200 3298 1277 3364 de
1326 3301 1407 3364 iis
1454 3304 1707 3365 tantum
1759 3303 1870 3384 qui
1907 3303 1974 3364 in
2018 3301 2256 3385 proelio
2300 3322 2524 3387 parum
2549 3305 2792 3370 strenui

406 3406 709 3472 fuissent:
758 3405 937 3471 addit
980 3407 1183 3474 enim:
1238 3406 1551 3478 ἀλλήλους
1602 3406 1727 3486 γὰρ
1777 3413 2218 3471 καταιτιῶνται
2267 3413 2540 3489 iquaviae
2563 3411 2796 3494 culpam

408 3515 521 3577 abii
587 3514 655 3576 in
724 3518 872 3576 alios
940 3513 1343 3598 conferebant.
1444 3511 1647 3577 Probe
1717 3514 1957 3577 sciebat
2023 3513 2388 3580 Herodotus
2451 3521 2516 3580 et
2563 3515 2794 3582 diserte

405 3623 687 3686 narravit
750 3640 1017 3704 quorum
1071 3639 1259 3704 opera
1302 3621 1371 3683 in
1418 3617 1532 3684 illo
1580 3617 1820 3703 proelio
1877 3619 2058 3684 fortis
2105 3639 2176 3684 ao
2225 3625 2482 3684 strenua
2529 3621 2793 3708 fuisset,

404 3725 513 3792 sed
578 3743 849 3812 quorum
910 3727 1172 3814 ignavia
1240 3746 1338 3790 res
1402 3723 1571 3791 male
1618 3730 1802 3811 gesta
1847 3727 1934 3790 sit
1981 3725 2042 3790 id
2094 3745 2162 3790 se
2209 3746 2320 3810 pro
2369 3730 2540 3792 certo
2587 3727 2795 3794 dicere

404 3852 587 3917 posse
632 3841 842 3921 negat.

497 4043 605 4110 Vl.
661 4044 776 4109 14:
825 4044 1085 4124 Λέσβιοι
1138 4083 1207 4094 —-
1267 4046 1464 4112 τωύτὸ
1515 4043 1750 4109 ἐποίευν
1798 4051 1953 4109 τοῖσι
2007 4045 2332 4123 Σαμίοισι·
2375 4041 2448 4118 ὦς
2491 4045 2554 4111 δὲ
2596 4043 2700 4110 κά)
2743 4047 2793 4112 01

407 4155 666 4224 πλεῦνες
717 4153 833 4216 τῶν
882 4151 1088 4217 Ἰώνων
1138 4151 1371 4216 ἐποίευν
1422 4152 1535 4237 [τά
1583 4151 1752 4216 οιῦτά
1802 4151 2067 4237 ταῦτα]

498 4258 930 4324 Insulsissime
978 4260 1069 4323 sie
1118 4258 1215 4322 bis
1264 4257 1437 4324 idem
1485 4257 1738 4324 dicitur.

496 4471 653 4538 Post
716 4492 917 4559 pauca
978 4492 1111 4557 oap.
1184 4469 1267 4537 16
1331 4471 1497 4558 quod
1556 4471 1801 4560 legitur
1845 4470 2418 4555 καταφυγγάνουσι
2467 4469 2682 4542 Codex
2731 4475 2794 4542 R
