3414 5158
584 318 720 386 254
1583 332 1980 383 monows.

592 499 934 582 Ἀμαζόνες
955 550 974 585 ‚
1018 520 1291 586 quarum
1337 499 1684 566 simulacra
1722 498 1993 566 Athenis
2034 504 2098 566 et
2136 498 2287 566 alibi
2325 504 2391 565 et
2426 500 2495 565 in
2534 520 2674 566 arce
2708 499 2970 565 viderat.

673 716 764 783 Ut
833 717 1032 804 vulgo
1103 719 1401 801 peccatur
1467 716 1536 779 in
1611 716 1817 782 forma
1888 713 2306 792 ἀληλεσμένος
2379 734 2489 799 pro
2556 712 2938 791 αληλεμένος
2961 760 2979 796 ,

585 824 806 891 eodem
871 822 1058 888 modo
1120 826 1185 886 in
1253 820 1572 901 ἐξωσμένοι
1639 828 1702 886 et
1769 820 2177 903 ὑπεζωσμένοι
2230 841 2344 905 pro
2390 818 2669 902 έζωμένοι
2718 822 2784 886 et
2832 819 2975 883 ὑπε-

585 928 837 1009 ζωμένοι
899 928 1135 995 scribas
1181 934 1512 1013 peccantes
1557 927 1824 995 videbis.
1874 926 2025 993 Vll.
2080 927 2165 993 69
2210 927 2323 992 AB
2368 928 2606 993 hahent
2651 928 2976 1012 antiquam

585 1038 860 1102 formam
911 1032 1276 1115 ὑπεζωμένοι
1328 1028 1519 1112 ἦσαν,
1568 1034 1649 1099 R.
1699 1037 2022 1101 noviciam
2074 1033 2504 1116 ὑπεζωσμένοι.

678 1142 920 1207 Eadem
991 1141 1177 1227 plane
1237 1144 1401 1206 ratio
1463 1150 1559 1206 est
1621 1143 1684 1205 in
1752 1142 1956 1206 forma
2028 1144 2289 1227 antiqua
2335 1140 2613 1217 σέσωμαι
2660 1144 2725 1205 et
2768 1141 2981 1203 minus

585 1254 800 1315 vetere
867 1247 1210 1327 σέσωσμαι.
1275 1244 1375 1315 Cf.
1453 1247 1828 1335 Mnemosyne
1892 1246 2064 1313 1875
2122 1268 2265 1337 pag.
2324 1244 2475 1311 190.
2524 1251 2588 1311 et
2636 1245 2979 1311 Mino-edan.

595 1357 741 1421 Oret.
791 1374 939 1442 pag.
989 1353 1100 1419 85.

683 1570 830 1637 VII.
883 1570 1008 1637 ¹74:
1057 1571 1109 1635 οἱ
1158 1570 1222 1636 δὲ
1273 1568 1457 1635 Λυδοὶ
1509 1572 1772 1646 Μηΐονες
1824 1570 2209 1635 έκαλεῦνΤΟ
2260 1569 2490 1637 τάλαι.

681 1676 762 1743 R.
812 1677 1147 1743 ἐκαλεῦντο
1195 1677 1571 1763 ΤΟπ-οέλαι,
1617 1684 1694 1743 ut
1742 1676 2107 1744 Herodotus
2152 1676 2337 1744 solet.
2380 1674 2521 1743 VII.
2576 1674 2694 1741 95:
2745 1676 2814 1741 τὸ
2864 1672 2987 1741 πά-

590 1798 701 1849 λαι
763 1782 1123 1862 καλεόμενοι
1188 1785 1532 1863 Πελασγοί.
1596 1782 1752 1850 VII.
1808 1784 1974 1851 142:
2028 1786 2063 1859 ἡ
2112 1784 2239 1863 γὰρ
2286 1782 2613 1865 ἀκρόπολις
2660 1783 2728 1850 τὸ
2778 1781 2981 1848 πάλαι

593 1892 762 1974 ῥηχῷ
812 1889 1168 1975 ἐπέφρακτο
1188 1939 1208 1976 ,
1253 1895 1318 1957 et
1365 1892 1456 1956 sio
1502 1891 1763 1976 passim.

687 2104 832 2171 VH.
890 2104 1012 2172 76:
1074 2104 1178 2146 *³*
1200 2105 1241 2146 ⁸
1297 2105 1571 2179 ἀσπίδας
1622 2106 1685 2171 δὲ
1734 2104 2079 2183 ὠμοβοΐνας
2127 2101 2295 2187 εἶχον
2344 2102 2646 2185 σμικράς,
2696 2104 2799 2169 καὶ
2850 2126 2989 2185 τρο·

599 2210 828 2293 βόλους
878 2212 981 2278 δύο
1031 2211 1448 2291 Λυκιοεργέας
1497 2208 1717 2283 ἕκαςος
1764 2206 1927 2295 εἶχε.

690 2317 1030 2384 Probabile
1077 2317 1425 2384 admodum
1473 2322 1569 2383 est
1616 2316 1849 2383 Steinii
1892 2316 2447 2404 supplementum:
2494 2319 2810 2403 (ΠΙΟΙΔΑ
2822 2316 2875 2401 Ι)
2928 2314 2989 2380 δὲ

599 2424 875 2497 ἀσπίδας
925 2423 1268 2503 ὠμοβοΐνας
1316 2418 1509 2505 εἶχον.
2368 2451 2375 2459 ·

690 2529 818 2612 Qui
896 2529 1094 2598 libros
1177 2532 1648 2598 vetustissimos
1734 2530 1985 2598 saeculo
2052 2532 2259 2617 primo
2330 2534 2442 2596 aut
2507 2529 2783 2596 secundo
2852 2533 2994 2614 post

599 2635 928 2706 Christum
1001 2645 1112 2704 aut
1185 2640 1380 2704 etiam
1449 2643 1634 2704 antea
1707 2637 2042 2724 discriptos
2112 2637 2360 2703 mendis
2430 2639 2703 2704 caruisse
2766 2641 2995 2722 putant

599 2743 1008 2811 vehementer
1075 2742 1408 2810 falluntur.
1503 2744 1869 2810 Athenaeus
1941 2765 2087 2831 pag.
2152 2741 2283 2808 486
2347 2765 2378 2806 e
2444 2742 2615 2807 hunc
2685 2741 2995 2810 Herodoti

599 2850 814 2917 locum
861 2850 1128 2916 laudans
1175 2871 1252 2916 ex
1299 2849 1465 2915 libro
1513 2869 1627 2916 suo
1682 2849 1985 2936 protulit:
2038 2849 2371 2930 προβόλους
2424 2849 2526 2914 δύο
2578 2847 2993 2933 Λυκοεργέας,

598 2957 767 3043 quod
837 2977 1038 3042 quum
1109 2956 1482 3022 mendosum
1558 2976 1690 3021 esse
1752 2959 2046 3022 sensisset
2108 2958 2465 3041 suspicatus
2525 2963 2622 3022 est
2684 2976 2764 3021 an
2836 2955 2995 3020 forte

597 3062 1057 3142 ΛυκΙΟεργέας
1105 3068 1268 3128 esset
1313 3083 1465 3129 vera
1502 3060 1718 3128 lectio:
1768 3061 2003 3138 μήποτ’
2049 3057 2146 3126 οὖν
2188 3063 2292 3128 καὶ
2337 3061 2511 3144 παρὰ
2551 3063 2635 3144 τῷ
2678 3059 2989 3142 Ἡροδότῳ,

597 3172 676 3241 ὡς
725 3167 828 3233 καὶ
882 3167 1058 3249 παρὰ
1105 3170 1188 3245 τῶ
1241 3166 1610 3243 Δημοσθένει
1659 3167 1970 3246 γραπτέον
2011 3169 2541 3250 ΛΤΚῙΟεργέας,
2582 3167 2654 3234 ἵν’
2692 3169 2991 3244 ἀκούηται

597 3275 683 3341 τα
742 3277 804 3339 ἕν
868 3276 1074 3358 Λυκίᾳ
1138 3272 1541 3354 εἰργασμένα.
1637 3271 2085 3340 Demosthenis
2141 3274 2319 3341 loeus
2364 3280 2461 3341 est
2504 3275 2649 3354 πρὸς
2696 3273 2991 3353 Τιμόθεον

596 3401 744 3469 pag.
815 3379 1009 3446 1193.
1064 3379 1178 3445 ll:
1245 3379 1445 3445 δίδωσι
1510 3381 1594 3463 τῷ
1660 3380 1950 3460 Φορμίωνι
2008 3419 2083 3428 -
2134 3381 2380 3462 φιάλας
2434 3389 2819 3464 λυκιουργεῖς
2866 3379 2991 3446 δύο.

597 3487 1024 3574 Inspiciamus
1069 3508 1236 3552 nunc
1281 3487 1478 3555 libros
1520 3491 1807 3553 nostros:
1855 3490 1921 3552 in
1964 3487 2083 3552 AB
2131 3495 2227 3554 est
2263 3488 2604 3568 λυκεργέας
2642 3487 2987 3554 absurdum

601 3592 984 3662 vocabulum
1006 3640 1022 3671 ‚
1065 3594 1130 3658 in
1169 3591 1234 3658 R
1277 3593 1651 3672 λυκοεργέας
1700 3594 1767 3658 id
1811 3593 2020 3680 ipsum
2073 3593 2241 3680 quod
2286 3594 2652 3660 Athenaeus
2698 3591 2954 3681 legebat
2974 3643 2992 3680 ,

597 3700 765 3767 unde
812 3701 1167 3766 existimari
1213 3705 1420 3785 potest
1467 3720 1660 3785 quam
1707 3699 1795 3766 sit
1840 3704 2171 3766 vetustum
2220 3699 2547 3766 mendum.

687 3806 903 3872 Etiam
977 3805 1078 3872 illi
1150 3806 1560 3872 vehementer
1626 3812 1837 3873 errant
1907 3808 2019 3892 qui
2087 3806 2473 3873 doctissimis
2543 3807 2991 3895 grammaticis

597 3911 882 3978 multum
929 3912 1240 3976 tribuunt.
1318 3911 1640 4000 Didymus
1685 3914 1713 3978 ὃ
1760 3913 2176 3993 χαλκέντερος
2230 3933 2430 3998 quum
2482 3909 2989 3980 Commentarios

591 4019 660 4083 in
708 4017 1206 4084 Demosthenem
1255 4018 1557 4084 scriberet
1604 4018 1681 4084 ad
1730 4017 1847 4084 1.1.
1896 4022 2227 4085 annotavit
2276 4026 2659 4098 λυκιουργεῖς
2702 4039 2835 4084 esse
2872 4018 2989 4091 τὰς

599 4126 712 4191 ὑπὸ
776 4125 1010 4190 Λυκίου
1074 4123 1680 4200 κατεσκευασμένας.
1749 4145 1934 4211 quem
1996 4131 2252 4211 turpem
2300 4146 2576 4192 errorem
2620 4124 2989 4191 Athenaeus

594 4229 978 4317 redarguens
1039 4231 1280 4309 ἀγνοεῖ,
1346 4232 1590 4316 inquit,
1658 4231 1685 4296 ὃ
1729 4233 2173 4310 γραμματικὸς
2223 4228 2312 4298 ὅτι
2365 4231 2467 4296 τὸν
2520 4236 2783 4296 τοιοῦτον
2831 4255 2991 4311 oxn-

595 4335 915 4413 ματισμὸν
977 4334 1103 4400 ἀπὸ
1165 4336 1372 4416 κυρίων
1439 4335 1750 4415 ὀνομάτων
1811 4340 1917 4404 οὐκ
1965 4335 2041 4404 ἄν
2086 4362 2179 4412 τις
2232 4337 2380 4420 εὕροι
2430 4337 2786 4418 γινόμενον,
2837 4339 2987 4404 ἀλλ’

595 4441 723 4507 ἀπὸ
765 4442 1007 4508 ’πόλεων
1056 4447 1089 4518 ἢ
1143 4443 1331 4508 ἐθνῶν.
