3414 5158
670 342 697 405 1
713 340 797 405 78
1743 360 1968 408 Puro.

752 524 825 589 E.
898 524 1042 592 Duo
1104 528 1269 592 vitia
1328 527 1748 605 ταυτολογίαν
1811 532 1876 593 et
1923 526 1992 591 τὸ
2039 527 2442 593 ἀνακόλουθον
2487 525 2756 603 vitabis,
2805 529 2860 593 si
2904 530 3058 612 post

662 634 977 712 ἀγορεύειν
1041 636 1541 718 interpunxeriS‚
1607 633 1964 721 legerisque
2025 634 2100 707 ὥς
2167 636 2396 699 τούτων
2454 634 2507 699 δ’
2557 632 2744 705 οὔσας
2809 634 3056 700 Πυθώδε

660 762 714 804 κ.
765 764 823 804 τ.
876 740 921 804 έ.
1781 766 1788 771 ·

752 844 906 910 951.
958 846 1032 911 Β.
1102 845 1331 913 Malim
1380 847 1773 927 ἀνθρώποις.
1827 884 1908 895 -
1959 838 2035 917 ὃς
2083 844 2164 913 ἂν
2209 846 2700 929 &scamma-04
2751 844 2805 929 ᾗ.
2870 845 3053 912 Haec

658 950 738 1017 ud
799 954 901 1017 τὸν
963 954 1021 1017 έν
1071 952 1539 1030 εὐνομουμέναις
1586 952 1840 1019 πόλεσιν
1895 954 2176 1017 οἰκοῦντα
2221 952 2416 1017 refert
2463 954 2714 1019 Aetius:
2768 952 2938 1038 quod
2991 954 3052 1018 si

655 1060 750 1125 itu
796 1064 992 1131 esset.
1043 1079 1157 1123 cur
1200 1059 1291 1124 ibi
1342 1062 1549 1145 posita
1593 1066 1742 1125 sunt
1788 1060 1901 1125 ubi
1949 1060 2252 1124 orationis
2299 1058 2587 1125 ordinem
2635 1058 2931 1142 turbant,
2981 1072 3052 1123 et

656 1186 776 1230 non
827 1168 1039 1251 potius
1086 1166 1189 1229 τὸν
1236 1166 1512 1229 οἰκοῦντα
1560 1162 1928 1250 excipiunt?
1975 1162 2101 1231 Sed
2145 1163 2316 1229 hunc
2365 1166 2574 1229 civem
2622 1169 2910 1249 oportere
2952 1166 3049 1229 nit

655 1272 1058 1358 egregiorum
1124 1271 1465 1336 hominnm
1526 1273 1804 1357 vestigia
1867 1276 2231 1355 sequentem
2283 1269 2540 1355 (horum
2591 1271 2845 1335 indiciis
2891 1268 3048 1335 duc-

655 1378 863 1461 tum,)
911 1378 1147 1461 ubique
1194 1376 1399 1458 ζητεῖν
1448 1414 1529 1423 -
1581 1373 1780 1460 quid?
1825 1372 1932 1439 ὅσ’
1981 1373 2058 1439 ἂν
2104 1374 2486 1456 ἀδιάφθαρτ’
2529 1371 2603 1457 ᾖ,
2649 1376 2728 1441 ed
2769 1394 3044 1459 quorum

650 1501 937 1548 normam
986 1503 1139 1548 suae
1186 1486 1469 1549 civitatis
1514 1484 1814 1547 institute
1859 1480 1964 1547 vel
2011 1481 2304 1566 probabit
2325 1530 2341 1557 ‚
2395 1480 2500 1547 vel
2547 1483 2824 1568 corriget
2869 1480 2928 1545 εἷ
2969 1506 3035 1547 τι

650 1588 1295 1667 παραλέλειπται.
1388 1587 1545 1655 Mox
1608 1586 1748 1654 dele
1811 1584 1920 1652 καὶ
1982 1587 2332 1668 ζητήσεως,
2364 1608 2563 1672 0quae
2607 1590 2720 1672 qui
2767 1590 3037 1654 inseruit

646 1713 772 1759 non
836 1695 1291 1761 animadvertit
1348 1714 1421 1759 ee
1466 1714 1627 1780 quae
1672 1698 2024 1779 sequuntur
2043 1740 2061 1771 ,
2109 1692 2235 1759 οὐδ’
2283 1692 2360 1758 ἂν
2407 1700 2610 1765 κακῶς
2655 1693 2852 1767 αὐτὴν
2899 1695 3042 1759 θεω-

644 1808 807 1880 ρῶσι.
876 1802 1001 1867 Pro
1048 1802 1215 1877 μένει
1260 1800 1405 1889 lege
1452 1808 1659 1882 μενεῖ,
1706 1805 1774 1864 et
1819 1820 1932 1885 pro
1977 1798 2272 1876 τελέως,
2319 1798 2551 1873 τελέος.
2645 1798 2844 1865 Recte
2887 1802 3039 1885 qui-

646 1908 793 1973 dem
870 1907 996 1973 diei
1064 1910 1273 1994 potest
1344 1910 1521 1971 τοῦτο
1589 1904 1962 1984 βεβαίως
2022 1905 2224 1985 μένει,
2291 1905 2401 1971 sed
2463 1903 2672 1977 τέλεος
2735 1904 2906 1984 μένει
2953 1928 3038 1973 ne

640 2015 915 2100 cogitari
963 2014 1219 2098 quidem
1268 2017 1496 2099 potest.

732 2118 814 2183 D.
886 2119 1127 2197 δεῖγμα
1174 2120 1255 2187 εἷς
1305 2121 1423 2191 τὰς
1474 2116 1683 2189 ἄλλας
1731 2117 2118 2195 μεθήσειν
2169 2116 2400 2189 πόλεις.
2449 2116 2558 2183 Sic
2596 2116 2783 2193 libri,
2827 2138 3035 2205 neque

643 2228 1062 2311 interpretum
1113 2228 1447 2309 quisquam
1494 2224 1850 2311 refragatus
1893 2234 2010 2289 est.
2105 2222 2230 2289 Sed
2277 2224 2396 2289 hoc
2442 2222 2613 2289 haud
2659 2225 2878 2289 minus
2925 2226 3033 2290 in-

640 2338 861 2417 eptum
930 2338 1025 2396 est
1084 2351 1276 2416 quam
1326 2333 1382 2395 si
1429 2330 1654 2395 Latine
1698 2330 1909 2394 dicas:
1959 2329 2360 2415 „Sapientiae
2405 2334 2656 2395 nostrae
2703 2332 3032 2414 specimen

637 2439 705 2501 in
754 2436 912 2504 alias
960 2438 1255 2503 civitates
1300 2432 1559 2499 dimisi?
1654 2436 1780 2501 Pro
1825 2437 2133 2510 μεθήσειν
2181 2436 2327 2523 lege
2371 2436 2732 2512 μετΟΙσειν.

726 2542 804 2609 E.
852 2540 1071 2610 ἔπειτα
1118 2546 1235 2608 τῶν
1284 2540 1730 2622 νομοφυλάκων
1777 2541 1963 2615 τοὺς
2013 2542 2140 2607 ἀεὶ
2192 2540 2649 2623 πρεσβεύοντας
2695 2540 2890 2620 δέκα,
2929 2541 3024 2609 ἔτι

637 2649 701 2715 δὲ
769 2651 797 2717 ὅ
867 2652 1001 2732 περὶ
1068 2661 1179 2727 τῆς
1246 2650 1532 2722 παιδείας
1594 2650 1799 2723 πάσης
1861 2651 2238 2727 ἐπιμελητὴς
2287 2645 2324 2714 δ’
2371 2673 2441 2715 τε
2490 2649 2615 2721 νέος
2665 2647 2728 2714 οἵ
2763 2672 2833 2713 τε
2887 2651 3016 2736 [ἐκ]

633 2766 741 2833 τῆς
790 2759 989 2838 ἀρχῆς
1038 2755 1543 2834 ἀπηλλαγμένοι.
1592 2755 1906 2836 Quoniam
1954 2755 2109 2821 baec
2155 2776 2194 2820 a
2237 2754 2448 2820 verbis
2493 2753 2524 2818 ὅ
2571 2755 2880 2833 σύλλογος
2921 2753 3017 2821 οὗ·

629 2887 731 2935 τος
783 2863 937 2928 ἔστω
984 2864 1294 2949 pendent‚
1341 2864 1670 2950 genetivos
1725 2864 1898 2947 posci
1946 2862 2356 2927 manifestum
2397 2866 2512 2926 est.
2562 2869 2626 2926 et
2665 2863 2732 2926 in
2773 2867 3016 2948 postre-

628 2974 754 3035 mis
802 2971 1059 3056 quidem
1110 2970 1451 3035 subaudire
1496 2971 1731 3053 poterit
1776 2971 2114 3056 genetivus
2159 2969 2215 3032 si
2261 2988 2515 3034 mecum
2562 2968 2798 3056 legeris
2847 2965 3015 3048 οἵπερ

626 3100 683 3139 τ.
736 3099 805 3140 π.
854 3101 921 3138 π.
990 3075 1437 3150 ἐπιμεληταί,
1504 3069 1539 3136 ὅ
1592 3098 1665 3138 τε
1725 3073 1850 3146 νέος
1913 3070 1974 3139 οἵ
2009 3099 2076 3139 τε
2125 3100 2186 3139 κ.
2233 3099 2295 3140 τ.
2349 3075 2398 3140 ὲ.
2491 3073 2616 3140 Sed
2665 3074 2743 3140 de
2789 3075 3014 3142 decem

625 3181 757 3246 illis
821 3181 975 3266 quid
1038 3177 1384 3246 faciemus?
1446 3179 1667 3245 Nimis
1723 3183 1894 3244 enim
1955 3181 2181 3246 audax.
2207 3183 2485 3246 mutatio
2533 3186 2698 3246 esset
2746 3187 2862 3246 τῶν
2909 3183 3012 3248 αεὶ

624 3288 1098 3368 πρεσβευόντων.
1194 3287 1489 3352 Fortasse
1542 3285 1849 3350 exciderit
1909 3286 2188 3372 aliquid,
2255 3309 2315 3352 v.
2367 3309 2447 3364 c.,
2499 3287 2722 3352 ἔπειτα
2769 3290 3012 3374 (παρα-

622 3395 947 3472 γίγνεσθαι
1011 3393 1137 3476 δεῖ)
1200 3399 1315 3457 τῶν
1378 3391 1822 3471 νομοφυλάκων
1867 3393 2006 3464 τοὺς
2057 3393 2154 3457 ἀεὶ
2205 3394 2664 3473 πρεσβεύοντας
2715 3395 2866 3460 δέκα
2919 3435 3002 3446 -

622 3500 765 3585 vel,
828 3500 1047 3564 ἔπειτα
1112 3505 1231 3564 τῶν
1290 3497 1770 3578 νομοφυλάκων,
1839 3499 2094 3584 (τούτων
2139 3499 2194 3564 δ’
2243 3495 2425 3585 εἶναι)
2473 3501 2614 3574 τοὺς
2663 3501 2763 3566 ἀεὶ
2815 3525 3002 3584 πρεσ·

614 3607 919 3686 βεύοντας
965 3605 1137 3672 δέκα.

708 3712 861 3778 952.
926 3715 1002 3778 A.
1080 3713 1215 3792 περὶ
1275 3711 1697 3790 μαθημάτων,
1757 3709 1933 3775 ὃπόσ’
1981 3711 2058 3776 ἂν
2105 3713 2168 3776 έν
2211 3712 2415 3794 ταύτῃ
2461 3723 2540 3796 τῇ
2587 3712 2808 3793 σκέψει
2854 3716 3000 3800 δοκῇ

622 3819 1011 3906 [συμφέρειν]
1084 3811 1179 3906 [ἃ]
1246 3821 1507 3897 μαθοῦσι
1554 3817 1667 3896 μὲν
1716 3817 2272 3898 εὐαγέστερον
2319 3819 2686 3904 γίγνεσθαι,
2735 3821 2824 3896 μὴ
2871 3845 3004 3899 μα-

610 3927 773 3990 θοῦσι
846 3926 907 3990 δὲ
976 3923 1433 4002 σκοτωδέστερα
1503 3927 1588 3989 τὰ
1658 3923 1790 4002 περὶ
1863 3921 2076 3999 νόμους
2149 3925 2386 4008 [αὐτοῖς
2459 3927 2794 4004 φαίνεσθαι
2858 3927 2998 4015 καὶ]

611 4034 863 4112 ἀσαφῆ.
960 4031 1169 4096 Locus
1236 4029 1415 4096 foede
1482 4028 1903 4114 interpolatus
1970 4035 2104 4103 est,
2155 4036 2228 4095 ut
2276 4030 2480 4096 vides.
2577 4030 2749 4110 Quin
2795 4035 3000 4098 etiam

614 4139 887 4221 εὐαγής,
952 4137 1153 4222 quod,
1210 4133 1449 4202 Cobeto
1504 4141 1794 4219 auctore,
1847 4135 2236 4220 ubicumque
2281 4139 2558 4201 occurrit
2601 4141 2669 4202 in
2717 4139 2996 4217 εὖαυγὺς

606 4243 986 4307 mutandum
1054 4247 1247 4326 puto,
1316 4241 1467 4305 huic
1528 4238 1665 4305 loco
1729 4260 1854 4305 non
1913 4243 2231 4306 convenit.
2325 4239 2624 4329 Corrigo:
2691 4242 2869 4310 bardo·
2932 4245 2998 4310 έν
3073 4291 3086 4302 -

602 4348 803 4427 ταύτῃ
856 4357 931 4430 τῇ
978 4348 1196 4428 σκέψει
1247 4345 1387 4426 δοκῇ
1436 4345 1696 4424 μαθοῦσι
1745 4347 1860 4422 μὲν
1907 4346 2043 4410 ἕνα
2059 4345 2426 4428 ργέστερ’
2475 4346 2568 4413 ἂν
2614 4341 2984 4430 γίγνεσθαι,

598 4453 690 4532 μὴ
740 4453 1003 4531 μαθοῦσι
1054 4453 1114 4520 δὲ
1161 4449 1649 4532 σκοτωδέστερα,
1699 4452 1784 4516 τὰ
1832 4450 1966 4533 περὶ
2015 4453 2154 4524 τοὺς
2203 4453 2415 4531 νόμους
2464 4455 2715 4538 ἀσαφῆ.
