3414 5158
1411 375 1769 423 Pmmmca.
2704 363 2787 430 37

400 547 495 607 est
558 541 726 625 quod
789 542 1120 626 proverbio
1179 540 1445 623 dicitur,
1513 539 1794 605 occidere
1858 544 1967 626 qui
2028 563 2151 607 non
2219 547 2428 608 servet
2472 544 2664 630 idque
2712 546 2789 611 de

402 647 524 712 diis
583 649 775 712 etiam
837 648 1054 712 verius
1116 647 1483 731 perhibetur
1546 667 1740 732 quam
1799 647 1875 712 de
1937 647 2315 712 mortalibus
2336 695 2351 726 ‚
2416 670 2615 733 quum
2665 651 2788 715 im-

401 773 621 818 mensa
663 755 948 837 potentia
993 752 1154 818 coeli
1201 754 1286 816 sit
1333 756 1398 816 et
1454 753 1767 838 quidquid
1808 753 1875 818 di
1912 752 2231 820 voluerint
2249 800 2264 831 ‚
2300 760 2629 838 peractum
2670 758 2791 820 sit:

401 864 617 925 tamen
661 861 834 925 malo
884 859 1013 924 ὀλέ
1034 860 1241 924 σθαι.

487 1076 701 1140 Ausus
751 1077 848 1138 est
895 1071 1312 1156 Aesculapius
1358 1071 1553 1158 Pyth.
1605 1070 1712 1135 III
1761 1067 1844 1134 57
1886 1069 2053 1150 ἄνδρ’
2101 1072 2168 1135 ἐκ
2218 1069 2483 1135 θανάτου
2531 1072 2786 1149 κομίσαι
2853 1129 2863 1138 .

399 1179 508 1255 ἤδη
569 1180 776 1242 ἑαλω
799 1177 1016 1243 κότα.
1113 1177 1291 1242 Haec
1339 1180 1654 1262 scriptura
1698 1177 1849 1262 quia
1894 1178 2086 1241 metri
2133 1176 2386 1263 legibus
2432 1185 2784 1265 repugnat,

397 1282 796 1349 Schmidtius
875 1283 1444 1368 reduplicationem
1511 1283 1744 1347 abiecit
1807 1289 1869 1346 et
1932 1284 2198 1347 coniecit
2246 1281 2537 1346 ἁλωκότα
2558 1330 2573 1359 ,
2624 1304 2786 1368 quae

395 1390 600 1454 forma
665 1394 729 1454 et
789 1410 899 1474 per
962 1411 1027 1454 se
1079 1393 1191 1455 vix
1241 1388 1594 1454 tolerabilis
1642 1393 1737 1452 est
1754 1409 1771 1466 3
1826 1388 2049 1452 deinde
2098 1391 2349 1452 etiamsi
2400 1387 2744 1452 toleremus
2766 1435 2783 1466 ,

397 1517 523 1560 non
569 1495 986 1562 tolerabimus
1033 1500 1248 1564 tamen
1294 1497 1572 1580 primam
1621 1492 1942 1582 syllabam
1988 1493 2237 1577 corripi.
2300 1492 2555 1558 Placet:
2608 1494 2635 1557 ὅ
2651 1507 2691 1557 λ
2712 1517 2785 1555 ω-

409 1600 634 1666 λὸτα.

489 1814 688 1901 Pyth.
749 1814 858 1879 III
903 1812 992 1877 80
1050 1819 1238 1900 poeta
1282 1834 1502 1899 regem
1550 1811 1898 1877 Hieronem
1946 1811 2325 1896 alloquitur:
2375 1813 2425 1877 εἰ
2473 1813 2537 1877 δὲ
2584 1813 2785 1891 λόγων

399 1919 650 1995 συνέμεν
715 1919 1021 2002 κορυφάν,
1085 1919 1305 1998 Ἱέρων,
1373 1919 1544 1998 ὀρθὰν
1603 1919 1821 2000 §oriz-qa,
1878 1917 2197 1994 μανθάνων
2246 1914 2417 1982 οἶσθα
2466 1919 2779 1999 προτέρων.

397 2025 722 2100 Quamdiu
779 2025 1086 2089 discimus
1147 2026 1428 2089 nondum
1492 2026 1791 2089 novimus
1856 2028 1920 2087 et
1965 2025 2231 2100 μαθὼν
2278 2027 2563 2108 requiro,
2617 2025 2784 2110 quod

395 2130 572 2196 salvo
635 2137 840 2195 metro
902 2133 1121 2214 reponi
1183 2133 1448 2215 poterit,
1513 2131 1702 2194 modo
1768 2127 1965 2193 simul
2031 2132 2308 2215 corrigas
2355 2129 2783 2198 ἐπίςασαι.

394 2235 535 2302 Hoc
582 2239 794 2321 ipsum
845 2236 1142 2303 ἐπίςασαι
1193 2235 1436 2322 legitur
1482 2235 1680 2320 Pytb.
1730 2233 1887 2299 VIII
1937 2233 1975 2299 7
2026 2241 2087 2299 et
2136 2235 2389 2299 δύνασαι
2441 2236 2639 2322 Pyth.
2689 2237 2781 2304 IV

405 2342 548 2407 158.
603 2340 972 2408 Contractas
1019 2343 1254 2407 formas
1299 2343 1367 2405 in
1415 2343 1704 2424 epiniciis
1751 2359 1875 2406 non
1922 2344 2144 2426 reperi.

489 2553 804 2621 Continuo
857 2557 1172 2640 sequitur:
1228 2553 1312 2618 τα
1361 2554 1472 2630 μὲν
1521 2549 1595 2615 ὦν
1641 2554 1709 2616 οὐ
1751 2550 2040 2617 δύνανται
2082 2554 2273 2628 νήπιοι
2319 2552 2529 2635 κόσμῳ
2554 2553 2783 2641 Φέρειν,

396 2664 546 2728 ἀλλ’
593 2663 856 2745 ἀγαθοί,
907 2662 992 2725 τὰ
1041 2660 1215 2724 καλὰ
1259 2659 1725 2738 τρέψαντες
1776 2658 1908 2736 ἔξω.
1973 2659 2117 2725 Non
2164 2659 2358 2724 latuit
2405 2661 2781 2744 interpretes

395 2769 561 2833 unde
605 2768 977 2852 metaphora
1024 2766 1216 2831 ducta
1261 2768 1347 2830 sit
1394 2772 1458 2830 et
1506 2786 1604 2829 res
1653 2773 1947 2851 apparet,
1995 2766 2104 2831 sed
2158 2764 2501 2831 ridiculum
2550 2770 2646 2830 est
2693 2766 2780 2830 τὰ

395 2874 568 2938 καλοὶ
616 2873 842 2952 τρέψαι
883 2870 1020 2947 ἔξω.
1067 2871 1448 2937 Planissime
1486 2873 1769 2955 requiro:
1812 2875 2170 2950 τρέψαντες.
2213 2872 2400 2956 Apud
2440 2872 2778 2936 Platonem

395 2986 490 3046 est
574 2980 915 3059 ςρέψαντες
1001 2977 1112 3055 ἔξω
1185 2979 1295 3053 τὴν
1371 2976 1701 3057 σφενδόνην
1779 2982 1843 3041 et
1925 2975 2217 3061 exempla
2290 2978 2553 3062 ubique.
2602 2997 2781 3062 pros-

396 3091 551 3150 tant.
647 3084 844 3150 Recte
892 3106 982 3150 vs.
1037 3084 1156 3148 35:
1218 3084 1450 3161 δαίμων
1498 3084 1550 3148 δ’
1600 3080 1797 3161 ἕτερος
1845 3082 1905 3154 ἐς
1956 3082 2142 3145 κακὸν
2187 3082 2443 3161 τρέψαις
2489 3080 2777 3161 ἐδαμάσ-

395 3192 550 3257 σατό
597 3214 704 3254 νιν.

483 3405 682 3491 Pyth.
749 3404 834 3468 IV
899 3404 985 3469 25
1046 3424 1156 3467 cur
1219 3400 1590 3482 κριμνοὶντων
1652 3401 1880 3466 malim
1936 3421 2128 3487 quam
2193 3402 2579 3482 κρημνάντων
2635 3405 2779 3469 'dixi

396 3511 618 3575 Mnem.
669 3509 804 3574 XX
851 3507 958 3575 70.

485 3722 973 3807 Comparativus
1020 3726 1256 3788 servari
1301 3744 1426 3788 non
1473 3724 1661 3788 debet
1703 3724 1900 3809 Pyth.
1946 3722 2035 3790 IV
2090 3722 2251 3790 139:
2302 3722 2423 3786 ἐντὶ
2470 3721 2582 3799 μὲν
2641 3722 2781 3786 θνα-

393 3836 511 3893 τῶν
557 3830 769 3909 φρένες
819 3829 1217 3909 ὠκύτεραι
1267 3830 1461 3909 κέρδος
1511 3830 1756 3902 αἰνῆσαι
1808 3831 1919 3908 πρὸ
1966 3829 2141 3900 δίκας
2192 3827 2425 3913 δόλιον,
2475 3828 2583 3893 sed
2628 3826 2780 3893 faci-

392 3935 474 4000 lis
521 3942 617 4000 est
664 3938 970 4001 correctio
1017 3936 1428 4016 ὠκύποροι.

480 4149 679 4236 Pyth.
726 4147 781 4214 V
825 4146 991 4213 119:
1042 4146 1199 4225 ὅμως
1241 4146 1301 4225 ἔ,
1353 4147 1627 4228 Κρονίδαι
1667 4145 1984 4228 μάκαρες,
2037 4148 2317 4213 διδοῖτ’
2358 4149 2477 4213 ἐπ’
2516 4145 2777 4228 ἔργοισιν

388 4255 566 4337 ἀμφί
611 4280 681 4320 τε
728 4255 991 4332 βουλαῖς
1041 4257 1243 4334 ἔχειν,
1295 4274 1418 4319 non
1464 4256 1662 4317 miror
1711 4252 2037 4319 elisionem
2087 4255 2581 4339 praepositionis
2628 4254 2728 4318 ἐπὶ
2753 4301 2770 4333 ,

389 4380 536 4425 nam
586 4360 900 4426 Pindarus
947 4359 1253 4424 vocabulo
1301 4357 1470 4436 ἔργον
1522 4360 1854 4445 digamma
1901 4360 2091 4425 modo
2139 4361 2356 4436 addit,
2412 4360 2599 4426 modo
2648 4381 2773 4426 non

389 4466 592 4539 addit,
661 4466 770 4531 sed
830 4465 1282 4550 improbandus
1328 4470 1426 4529 est
1472 4486 1624 4530 usus
1674 4465 1851 4530 modi
1899 4466 2192 4549 optativi.
2284 4464 2482 4532 Recte
2529 4466 2773 4532 dicitur
