3414 5158
1460 403 1702 454 monuo.
2645 387 2773 452 401

392 577 537 661 post
580 571 943 656 Thaletem)
992 571 1073 639 ab
1118 570 1383 638 Eudoxo
1430 569 1659 639 Cnidio
1677 618 1696 650 ,
1747 570 2088 657 discipulo,
2143 575 2220 636 ut
2261 571 2542 649 ferebant
2559 620 2575 646 ‚
2625 570 2782 636 Pla·
2853 629 2858 634 .

393 681 561 747 tonis
622 679 889 745 eandem
950 678 1135 746 illam
1198 679 1383 744 astris
1444 678 1613 764 isque
1669 679 1834 744 caelo
1877 677 2276 744 inhaererent
2322 699 2456 744 esse
2501 677 2778 762 descrip-

393 786 589 854 tam''.
683 787 785 854 Ita
828 805 1055 852 manus
1100 785 1197 863 2⁸,
1248 805 1374 852 non
1420 786 1604 850 acuis
1647 784 1816 870 isque
1855 807 2013 872 quac
2057 785 2252 864 cael03
2309 790 2454 850 tum
2500 788 2585 864 is,
2635 790 2782 851 ante

394 917 505 982 quc
548 897 617 959 in
663 912 830 960 nova
872 894 1111 981 pagina
1156 895 1469 978 scriptum
1518 889 1726 958 delere
1769 888 2058 980 neglexit
2094 911 2264 957 man.
2309 889 2390 976 23
2429 890 2778 978 legendum

393 999 599 1088 igitur
658 1021 805 1065 cum
867 997 1168 1066 Halmio:
1222 998 1443 1083 „illam
1490 1000 1679 1064 astris
1694 1045 1716 1083 ,
1763 1017 1926 1083 quae
1970 995 2142 1064 caelo
2183 996 2584 1063 inhaererent
2608 1046 2626 1076 ,
2677 997 2785 1062 de-

392 1104 758 1192 scriptam'’.
850 1103 913 1172 N
914 1123 996 1171 on
1056 1123 1215 1190 opus
1276 1106 1737 1190 praepositione
1797 1127 1926 1168 cum
1991 1109 2138 1169 ante
2196 1103 2382 1168 astris
2426 1124 2541 1168 nec
2588 1103 2782 1170 verbo

392 1211 759 1277 inscribendi
776 1257 793 1290 ‚
856 1209 1024 1296 quod
1084 1210 1346 1296 quidam
1410 1209 1802 1287 desiderant3
1863 1211 2208 1275 sententia:
2277 1210 2548 1276 divisam
2573 1256 2589 1288 ‚
2651 1209 2784 1274 dis·

394 1320 709 1385 tributam
732 1366 751 1395 ,
799 1315 1149 1384 secundum
1196 1315 1357 1382 caeli
1404 1318 1607 1404 signa.
1678 1315 1926 1383 Notum
1973 1321 2104 1382 est:
2155 1314 2507 1402 „populum
2555 1318 2784 1382 descri-

397 1427 547 1492 bere
591 1424 919 1492 ordinibus
936 1467 954 1502 ,
1008 1422 1361 1490 aetatibus’'
1410 1422 1669 1489 similia.
1765 1423 2018 1488 Fer-ebat
2063 1422 2314 1509 (codex)
2359 1441 2488 1487 non
2525 1425 2784 1507 aptum;

398 1528 535 1596 fieri
602 1534 813 1616 potest
878 1534 955 1596 ut
1021 1529 1327 1596 Eudoxus
1386 1549 1455 1595 se
1518 1527 1856 1615 disciplina
1915 1528 2204 1594 Platonis
2269 1528 2574 1594 extulerit
2591 1575 2607 1604 ,
2673 1531 2788 1592 aut

396 1633 628 1702 Gallus
688 1635 756 1702 id
825 1635 1121 1721 pluribus
1180 1636 1567 1714 narraverit,
1614 1634 1726 1701 sed
1772 1635 1893 1701 hoc
1940 1654 2436 1701 commemorare
2480 1654 2607 1699 non
2652 1639 2787 1700 erat

396 1741 591 1807 huius
636 1738 760 1807 loci
777 1761 795 1820 ;
844 1741 1136 1808 homines
1185 1738 1385 1830 vulgo
1430 1740 1501 1806 id
1542 1740 1830 1807 ferebant
1853 1789 1870 1820 ‚
1917 1742 2038 1808 etsi
2083 1742 2220 1828 ipse
2257 1760 2296 1806 a
2331 1739 2602 1806 Platone
2640 1739 2787 1806 sub·

396 1848 547 1914 inde
585 1848 980 1926 dissentiret,
1034 1848 1114 1914 cf.
1162 1847 1352 1937 Diog.
1400 1847 1474 1912 L.
1524 1846 1699 1914 VIII.
1749 1845 1858 1916 87.
1951 1846 2160 1914 Nemo
2209 1851 2426 1914 autem
2473 1846 2786 1913 desidera-

398 1956 524 2022 bit:
592 1961 709 2035 „ut
769 1954 1071 2036 ferrent’';
1134 1967 1205 2019 ut
1263 1955 1578 2041 particula
1634 1955 2087 2022 similitudinis
2131 1957 2612 2022 coniunctivum
2659 1975 2787 2019 non

396 2062 541 2128 fert.
638 2060 843 2128 Paulo
888 2068 1029 2148 post
1075 2062 1153 2128 de
1200 2060 1551 2147 planetario
1594 2063 1764 2149 quod
1803 2062 2071 2128 dicitur:
2116 2062 2277 2140 ,‚hoc
2319 2067 2537 2128 autem
2563 2061 2785 2147 sphae-

403 2189 547 2253 „rae
616 2187 856 2256 genus,
922 2170 989 2233 in
1052 2187 1178 2254 quo
1242 2167 1393 2235 solis
1454 2175 1523 2234 et
1580 2167 1772 2235 lunae
1831 2173 2048 2236 motus
2109 2171 2386 2236 inessent
2450 2174 2516 2233 et
2562 2187 2784 2233 earum

400 2275 723 2361 „quinque
788 2273 1123 2340 stellarum
1138 2323 1153 2352 ,
1224 2295 1387 2361 quae
1440 2280 1720 2342 errantes
1781 2281 1848 2341 et
1891 2277 2073 2361 quasi
2119 2295 2322 2363 vagae
2376 2275 2784 2340 nominaren-

399 2385 582 2458 „tur,
656 2383 725 2444 in
792 2378 910 2445 illa
962 2379 1231 2464 sphaera
1292 2380 1496 2447 solida
1557 2402 1683 2446 non
1743 2383 2028 2465 potuisse
2088 2378 2293 2459 finiri,
2351 2385 2542 2465 atque
2597 2381 2666 2444 in
2711 2399 2786 2444 eo

404 2485 893 2570 „admirandum
970 2505 1105 2550 esse
1173 2487 1510 2552 inventum
1576 2486 1982 2551 Archimedis
2002 2534 2020 2564 ,
2084 2485 2254 2571 quod
2299 2482 2783 2574 excogitasset''.

398 2591 627 2677 Itaque
676 2590 1019 2676 „sphaerae
1065 2612 1269 2679 genus
1314 2593 1383 2656 in
1427 2590 1545 2658 illa
1588 2592 1855 2677 sphaera
1897 2613 2023 2658 non
2069 2594 2284 2677 potuit
2329 2588 2584 2656 finirinq
2631 2590 2790 2655 Abi-

398 2696 697 2763 ciendum
736 2702 835 2763 est
877 2699 1055 2783 prius
1100 2698 1417 2781 sphaerae,
1466 2702 1541 2763 ut
1579 2720 1771 2780 ,oenus
1814 2696 1930 2765 illa
1975 2696 2109 2763 lata
2155 2702 2218 2763 et
2265 2718 2434 2785 vaga
2479 2698 2787 2783 quodam·

398 2803 591 2870 modo
658 2800 1123 2891 significatione
1193 2802 1441 2869 dicatur
1455 2850 1472 2881 ,
1548 2823 1675 2889 qua
1744 2807 2004 2889 ponitur
2061 2802 2172 2871 Or.
2233 2803 2326 2869 Π.
2386 2802 2468 2871 17
2524 2804 2675 2888 „qui
2721 2804 2790 2867 in

400 2910 614 2996 aliquo
662 2930 893 2998 genere
934 2948 1017 2959 -
1064 2911 1477 2977 inconcinnus
1511 2908 1664 2989 est”‚
1688 2911 1855 2977 infra
1877 2910 1967 2977 II.
1995 2908 2082 2975 35
2109 2910 2258 2993 ‚‚(L.
2284 2908 2696 2996 Tarquinius)
2721 2911 2791 2974 in

398 3019 574 3083 omni
623 3036 855 3104 genere
900 3016 1094 3082 huius
1135 3016 1359 3103 populi
1400 3014 1685 3103 (Graeci)
1725 3016 2248 3083 consuetudinem
2299 3054 2384 3067 --
2431 3014 2788 3100 imitatus'’;

403 3121 857 3202 „institutum”
920 3124 1120 3208 possis
1182 3123 1572 3189 substituere
1590 3172 1607 3199 ,
1664 3124 2006 3208 inrichtinq.
2100 3124 2196 3190 De
2241 3144 2366 3208 quo
2410 3126 2792 3210 argumento

400 3227 652 3315 plenius
720 3234 1010 3313 expectes
1081 3229 1515 3295 satisfacturos
1558 3228 1620 3295 N
1622 3230 2140 3319 aegelsbachium
2189 3236 2256 3296 et
2299 3228 2682 3317 Seyffertum
2722 3230 2792 3293 in

398 3332 584 3399 libris
646 3333 723 3398 de
784 3331 1143 3398 elocutione
1194 3332 1399 3399 latina
1416 3380 1433 3412 ,
1498 3355 1691 3419 quam
1754 3336 1998 3403 factum
2060 3336 2248 3403 video
2295 3334 2623 3423 (Seyffert,
2669 3334 2792 3399 Pa-

400 3438 635 3506 laestra
680 3436 707 3479 ¹¹
754 3459 817 3523 p.
874 3436 1061 3525 172);
1139 3458 1289 3505 nam
1360 3437 1662 3526 loquendi
1730 3442 2042 3509 rationem
2114 3440 2405 3509 Ciceroni
2470 3461 2599 3507 non
2657 3462 2794 3505 esse

400 3544 750 3613 admodum
813 3564 1022 3611 raram
1082 3543 1190 3611 vel
1232 3543 1438 3612 lexica
1483 3546 1730 3612 docent.
1821 3548 1928 3613 Ita
1972 3547 2236 3614 demum
2279 3553 2448 3613 recte
2490 3568 2560 3613 se
2601 3546 2796 3611 habet

384 3650 609 3735 finiri,
656 3670 771 3736 pro
815 3670 941 3736 qno
986 3650 1205 3717 Maius
1244 3654 1389 3731 fieri
1432 3672 1554 3718 non
1603 3654 1740 3718 sine
1786 3672 1977 3719 causa
2013 3652 2305 3738 volebat3
2345 3652 2458 3718 sed
2497 3650 2794 3734 estfiniri

405 3757 482 3824 de
554 3757 843 3823 cursibus
914 3758 1050 3823 sive
1112 3756 1369 3823 circulis
1429 3755 1827 3844 planetarum
1891 3759 2134 3825 dictum
2154 3806 2171 3837 ,
2237 3760 2350 3844 qui
2407 3760 2616 3843 spatia
2677 3775 2794 3823 sua

402 3865 752 3949 accipiunt3
816 3863 1075 3929 describo·
1134 3863 1359 3929 circuli
1418 3870 1763 3949 potuerunt
1828 3864 2238 3950 (beschreven
2299 3862 2618 3949 worden);
2671 3882 2786 3927 nec

400 3968 481 4035 de
526 3968 793 4055 sphaera
824 3969 895 4034 id
942 3968 1071 4035 dici
1092 3970 1325 4055 potuit.
1352 4006 1425 4019 —
1462 3968 1537 4035 In
1558 3971 2002 4056 sequentibus:
2053 3970 2257 4050 „hanc
2279 3969 2610 4056 sphaeram
2640 3965 2790 4033 Gal-

406 4074 551 4154 „lus
612 4096 765 4141 cum
826 4078 1150 4161 moveret,
1212 4074 1405 4143 fiebat
1461 4082 1539 4142 ut
1598 4075 1723 4143 soli
1769 4076 1922 4144 luna
1963 4077 2232 4143 totidem
2279 4074 2794 4144 conversionibus

408 4186 609 4266 „quot
677 4180 902 4247 diebus
946 4182 1015 4247 in
1083 4183 1223 4269 ipso
1296 4181 1469 4249 caelo
1537 4184 1901 4263 succederet,
1967 4203 2048 4250 ex
2109 4204 2233 4269 quo
2281 4190 2346 4249 et
2388 4183 2456 4247 in
2501 4204 2638 4247 aere
2681 4181 2794 4246 illo

408 4289 519 4367 „in
564 4286 799 4373 [caelo]
847 4287 1115 4374 sphaera
1160 4286 1313 4355 solis
1361 4286 1539 4355 fieret
1584 4288 1808 4355 eadem
1850 4288 1968 4355 illa
2013 4290 2310 4368 defecti0‚
2373 4293 2438 4355 et
2487 4289 2796 4355 incideret

392 4392 607 4475 „luna
666 4401 791 4459 tum
852 4396 923 4460 in
986 4414 1126 4462 eam
1192 4400 1436 4462 metam
1457 4444 1476 4483 ‚
1524 4416 1687 4482 quae
1741 4403 1905 4464 esset
1949 4397 2177 4463 umbra
2222 4400 2456 4474 terrae,
2505 4417 2656 4462 cum
2699 4394 2798 4463 sol

406 4522 487 4585 „s
532 4501 793 4593 regione
816 4499 857 4543 ¹¹¹
878 4500 913 4543 ¹¹⁸
941 4499 1022 4543 ''¹¹”
1073 4502 1292 4592 agitur
1352 4506 1485 4571 tam
1532 4502 1613 4571 de
1656 4502 1809 4571 solis
1855 4523 2050 4593 quam
2096 4502 2174 4570 de
2196 4501 2385 4571 lunae
2409 4502 2786 4649 dafeotionffi
