3414 5158
656 342 790 411 294
1673 360 2009 411 ramerus.

647 526 936 615 Cyrnum
997 529 1311 612 pertinere
1373 533 1542 593 recte
1588 547 1735 592 cum
1784 526 1932 593 aliis
1978 529 2207 593 statuit
2252 526 2803 611 Schneidewinua,
2850 528 3031 591 cuiue

644 638 1026 720 argumenta
1109 654 1514 720 nequaquam
1584 630 1955 721 profligasse
2023 632 2190 698 mihi
2259 633 2517 699 videtur
2586 631 2851 717 Sitzler‚
2922 634 3031 718 qui

646 737 1054 805 Welckerum
1100 744 1356 805 secutus
1397 760 1618 807 omnes
1656 758 1887 804 novem
1927 737 2099 805 locoa
2116 788 2135 824 ‚
2177 739 2292 805 ubi
2332 741 2401 804 in
2426 737 2800 805 collectione
2822 744 3032 805 nostra

643 847 944 925 occurrit,
1007 845 1370 934 Theognidi
1431 845 1843 913 abiudicavit.
1936 844 2187 930 Nempe
2248 866 2399 911 cum
2446 844 2774 917 Πολυταΐς
2795 892 2812 921 ,
2865 843 3033 911 unde

643 970 874 1017 nomen
920 951 1175 1017 ducitur
1210 950 1624 1037 probabiliter
1663 950 1833 1016 idem
1874 949 2191 1038 significet
2231 950 2400 1037 quod
2442 949 2831 1029 πολυπάμων
2849 999 2867 1036 ‚
2908 952 2949 1014 i.
2973 969 3029 1015 e.

643 1058 809 1123 dives
823 1106 841 1143 ‚
879 1060 1075 1123 nimis
1111 1057 1454 1123 fortuitum
1493 1057 1753 1125 videtur
1768 1104 1786 1135 ,
1830 1058 2101 1124 eundem
2143 1057 2473 1123 hominem
2512 1055 2795 1123 nobilem
2834 1056 3032 1123 simul

644 1164 942 1229 dominum
1004 1168 1068 1229 et
1128 1164 1343 1230 divitie
1369 1166 1581 1249 filium
1628 1163 2021 1250 appellatum
2065 1165 2135 1229 in
2180 1184 2297 1231 suo
2342 1170 2729 1251 paternoque
2774 1164 3033 1229 nomine

649 1269 886 1357 duplex
936 1292 1123 1339 omen
1174 1275 1592 1339 coniunxisse.

917 1594 1233 1671 Οὐδεμίαν
1259 1592 1412 1670 ἰτ-ω,
1461 1591 1663 1677 Κύρν’,
1712 1590 1939 1671 ἀγαθοὶ
1990 1590 2170 1658 πόλιν
2218 1590 2458 1656 ὤλεσαν
2506 1590 2716 1671 ἄνδρες
2740 1612 2755 1628 ·

913 1701 1066 1768 ἀλλ’
1109 1696 1260 1765 ὅταν
1311 1698 1571 1779 ὑβρίζειν
1615 1705 1777 1763 τοῖσι
1826 1707 2101 1764 κακοῖσιν
2148 1694 2297 1777 ἅδῃ,

917 1804 1106 1883 δῆμόν
1153 1829 1222 1870 τε
1271 1805 1592 1886 φθείρωσι,
1643 1803 1819 1877 δίκας
1867 1808 1925 1867 τ’
1973 1802 2338 1869 ἀδίκοισι
2388 1803 2653 1889 διδῶσιν,

918 1911 1142 1981 οἰκείως
1191 1910 1441 1991 κερδέων
1487 1906 1692 1975 εἵνεκα
1743 1908 1847 1975 καὶ
1898 1909 2175 1990 κράτεος.

735 2019 1034 2101 Quaesita
1097 2038 1136 2083 a
1192 2025 1379 2103 poeta
1422 2016 1816 2102 amphibolia
1860 2018 2064 2083 inesse
2108 2016 2367 2083 videtur
2406 2037 2503 2083 ve.
2554 2014 2665 2092 45,
2715 2020 2791 2080 ut
2836 2012 3030 2079 ἄδικοι

642 2125 841 2192 simul
885 2123 1346 2211 intellegantur
1391 2123 1614 2187 iniusti
1659 2128 1726 2189 et
1767 2124 1924 2187 itu-is
1967 2133 2263 2206 caper-tes,
2316 2120 2452 2188 scil.
2497 2120 2867 2209 populatae,
2918 2122 3031 2205 qui

643 2232 800 2298 olim
847 2233 1024 2297 omni
1071 2232 1208 2295 iure
1257 2232 1492 2314 privati
1533 2228 1754 2315 procul
1792 2230 1872 2294 ab
1909 2230 2068 2294 urbe
2104 2236 2169 2294 et
2206 2228 2339 2294 foro
2379 2230 2447 2294 in
2486 2230 2659 2315 agris
2700 2230 3025 2298 vixerant:

917 2328 970 2402 οἳ
1019 2335 1223 2416 πρόσθ’
1275 2335 1459 2400 οὔτε
1504 2335 1747 2405 δίκας
1796 2334 2101 2417 ᾔδεσαν
2147 2333 2334 2399 οὕτε
2384 2334 2709 2412 νόμους,

915 2444 1064 2508 αλλ’
1114 2442 1290 2519 ἀμφὶ
1341 2451 1635 2525 πλευρῇσι
1684 2440 1858 2520 δορὰς
1906 2442 2101 2518 αἰγῶν
2148 2439 2545 2517 κατέτριβον,

920 2548 1034 2626 ἔξω
1082 2548 1136 2615 δ’
1185 2546 1287 2618 ὅς’
1337 2546 1562 2630 ἔλαφοι
1609 2547 1783 2621 τῆσδ’
1832 2548 2111 2626 ἐνέμοντο
2160 2546 2401 2620 πόλεος.

641 2661 717 2724 ut
763 2662 858 2723 eet
903 2657 1070 2722 infra
1123 2656 1211 2721 54
1258 2675 1393 2742 sqq.
1443 2652 1540 2721 Of.
1590 2653 1724 2721 279
1772 2675 1907 2740 sqq.

727 2870 804 2939 V.
854 2869 938 2938 69
987 2873 1288 2947 Μήποτε,
1338 2870 1561 2949 Κύρνε,
1611 2870 1779 2948 κακῷ
1828 2867 2073 2940 πίσυνος
2122 2865 2477 2944 βούλευε
2527 2865 2666 2931 σὺν
2714 2865 2877 2945 ἀνδρὶ

879 2993 884 2996 “
998 2971 1127 3041 εὖτ’
1174 2974 1252 3042 ἂν
1293 2976 1624 3040 σπουδαῖον
1671 2977 1913 3054 πρῆγρί
1966 2972 2169 3056 ἐθέλῃς
2220 2972 2473 3038 τελέσαι

727 3083 894 3154 Oum
956 3083 1124 3163 κακῷ
1179 3083 1346 3161 ἀνδρί
1390 3101 1766 3166 suspensum
1814 3082 1901 3144 eit
1946 3100 1985 3145 a
2032 3080 2276 3152 πίσυνος
2326 3079 2433 3167 (cf.
2482 3098 2634 3144 mox
2681 3074 2797 3163 75)
2843 3075 3023 3142 locus

636 3210 761 3258 non
808 3197 904 3257 eet
949 3190 1418 3275 praepositioni.
1511 3185 1725 3262 Quare
1771 3187 2049 3273 corrigo:

861 3297 1166 3370 Μήποτε,
1217 3295 1439 3374 Κύρνε,
1491 3295 1660 3374 κακῷ
1710 3292 1956 3365 πίσυνος
2003 3290 2531 3370 βουλευέμεν
2578 3290 2747 3371 ἀνδρί
2792 3290 2919 3356 κτὲ.

629 3400 948 3469 infinitivo
995 3402 1201 3490 posito
1247 3420 1361 3487 pro
1405 3401 1829 3486 imperativo,
1877 3405 1951 3465 ut
1994 3399 2159 3465 infra
2207 3397 2339 3464 518
2386 3403 2453 3463 et
2498 3395 2656 3464 844.

853 3721 1252 3798 Τούτους,
1300 3721 1380 3785 οὐ
1429 3721 1503 3799 χ’
1547 3715 1809 3799 εὕροις
1857 3717 2167 3798 διζήμενος
2223 3718 2343 3783 οὐδ’
2389 3716 2490 3782 ἐπὶ
2540 3717 2787 3790 πάντας

854 3827 1231 3911 ἀνθρώπους,
1283 3833 1449 3890 OTC
1494 3828 1642 3897 ναῦς
1690 3833 1823 3889 ΜΗ
1870 3825 1992 3901 μία
2038 3822 2285 3896 πάντας
2334 3821 2511 3903 ἄγοι,

858 3928 1004 3999 οἶσιν
1054 3932 1152 3998 ἐπὶ
1201 3929 1458 4014 γλώσσῃ
1503 3955 1572 3995 τε
1621 3931 1726 3996 καὶ
1776 3931 2185 4012 ὀφθαλμοῖσιν
2236 3927 2446 4000 ἔπεσιν

859 4039 1076 4117 αἰδώς,
1122 4038 1242 4105 οὐδ’
1292 4037 1551 4119 αἰσχρὸν
1597 4036 1794 4118 χρῆμ’
1846 4035 1945 4101 ἔπι
1996 4035 2190 4118 κέρδος
2238 4035 2411 4116 ἄγει.

719 4143 887 4213 Cum
947 4141 1048 4218 οὓς
1111 4165 1223 4231 pro
1287 4140 1456 4216 ὅσους
1513 4143 1759 4209 dictum
1808 4141 1977 4209 male
2021 4143 2249 4229 habet,
2300 4151 2442 4208 tum
2490 4142 2707 4209 addita
2752 4143 3009 4229 negatio

626 4254 858 4319 evertit
903 4253 1302 4318 sententiam.
1351 4249 1495 4316 Non
1541 4257 1759 4315 autem
1806 4249 2030 4316 dubito
2079 4252 2231 4335 quin
2280 4258 2409 4314 ΜΗ
2460 4269 2631 4316 mera
2678 4251 2765 4315 sit
2812 4247 3005 4314 ditto-

627 4358 897 4448 graphia
935 4359 1258 4443 sequentia
1295 4357 1580 4446 syllabae
1617 4365 1755 4436 M13
1799 4376 1925 4443 qua
1964 4355 2171 4422 deleta
2208 4355 2412 4422 exibit
2456 4355 2737 4444 genuina
2784 4361 3010 4442 poetae

627 4479 854 4532 manus
902 4464 1126 4532 haecet
