3414 5158
615 372 703 441 90
1619 388 2018 439 monemus.

706 556 811 623 IV.
867 556 982 625 33:
1046 554 1185 623 οἶδα
1245 557 1309 622 δέ
1356 592 1442 607 --
1492 557 1610 628 τὰς
1673 557 2002 628 Παιονίδας
2066 564 2372 635 γυναῖκας
2436 556 2626 619 ἐπεὰν
2690 554 2867 620 θύωσι
2928 563 3006 637 τῇ

621 664 938 745 Ἀρτέμιδι
986 673 1061 745 τῇ
1109 664 1405 744 βασιλείῃ
1452 666 1558 729 οὐκ
1605 663 1749 729 ἄνευ
1798 672 1995 743 πυρῶν
2047 664 2341 739 καλάμης
2396 663 2711 735 ἘΧούσας
2756 664 2840 728 τὰ
2882 662 3007 741 ἱροί.

710 772 1054 839 Manifesto
1114 770 1489 836 mendosum
1556 778 1654 837 est
1702 773 1995 851 ἐχούσας.
2046 770 2273 856 Itaque
2318 776 2629 854 reponunt
2680 771 3005 850 ἑρδούσας,

617 880 950 952 πλεούσας
1014 877 1119 946 vel
1176 879 1634 950 ἐπιτελεούσας.
1731 877 2128 959 Quaerebant
2176 877 2241 942 id
2290 877 2457 961 quod
2506 882 2640 941 erat
2686 879 2755 941 in
2802 879 3007 941 mani-

613 991 769 1073 bus,
817 1008 968 1053 nam
1015 1007 1232 1052 veram
1278 986 1617 1052 lectionem
1665 986 1969 1057 ΘΤούσας
2018 983 2077 1048 Β
2124 982 2296 1049 solus
2334 984 2632 1048 servavit.
2676 984 2753 1046 cf.
2800 982 2852 1047 Ι.
2900 979 3005 1047 59:

618 1097 909 1166 θύσαντος
958 1094 1086 1173 γὰρ
1132 1094 1323 1159 αὐτοῦ
1373 1093 1455 1157 τοὶ
1502 1090 1625 1173 ἱρα’.
1677 1090 1864 1157 VIII.
1917 1089 2033 1156 54:
2080 1089 2325 1154 ἐκέλευε
2366 1088 2567 1170 τρόπῳ
2605 1091 2689 1168 τῷ
2731 1088 3007 1169 σφετέρῳ

619 1204 797 1268 θῦσαι
847 1202 934 1267 τοὶ
981 1201 1104 1283 ἱροὶ.

564 1394 572 1402 ·
709 1308 863 1375 Erat
933 1310 1002 1373 in
1079 1311 1332 1375 vetusto
1402 1307 1565 1373 libro
1628 1306 1890 1372 lacuna:
1958 1342 2047 1354 —
2110 1302 3002 1380 KAAAMHC**oTcAc,

617 1436 806 1501 quam
853 1414 1035 1481 scioli
1081 1412 1498 1499 expleverunt
1546 1418 1619 1479 ut
1663 1415 1777 1480 isti
1824 1409 2049 1478 solent.

711 1625 822 1694 IV.
871 1626 990 1694 33:
1043 1626 1163 1700 τὰς
1212 1625 1505 1707 Θρηικίας
1553 1624 1659 1691 καὶ
1706 1625 1827 1697 τὰς
1874 1622 2203 1694 Παιονίδας
2254 1631 2583 1701 γυναῖκας.

711 1734 786 1799 In
853 1734 912 1801 R
981 1738 1077 1799 est
1141 1734 1400 1813 θρῆσσας
1467 1733 1546 1798 de
1607 1753 1784 1798 more
1848 1750 1961 1817 pro
2013 1738 2447 1795 OPHICCAC.
2494 1729 2721 1815 Itaque
2768 1732 3013 1817 corrige

618 1840 738 1913 τὰς
788 1841 1136 1918 Θρηΐσσας,
1186 1844 1262 1904 ut
1311 1844 1571 1922 Θρᾷττα
1619 1840 1689 1902 in
1735 1839 1971 1902 Attica.
2066 1834 2211 1902 Non
2260 1836 2498 1900 dicitur
2544 1838 2713 1901 enim
2759 1836 3008 1917 Θρηϊκίη

617 1948 772 2025 γυνή
821 1944 928 2011 sed
975 1945 1297 2029 Θρήϊσσα,
1345 1951 1418 2009 ut
1466 1946 1795 2028 Φοίνισσα,
1842 1942 2144 2021 Λίβυσσα
2193 1948 2257 2007 et
2304 1944 2449 2007 sim.

709 2158 821 2223 IV.
874 2156 992 2222 34:
1045 2158 1110 2223 αἱ
1157 2157 1270 2236 μὲν
1317 2156 1430 2237 πρὸ
1480 2158 1691 2235 γάμου
1742 2157 2067 2234 πλόκαμον
2108 2154 2678 2233 οξποταΜΝόμεναι
2720 2154 2826 2221 καὶ
2872 2158 3003 2236 περὶ

617 2264 923 2347 ἄτρακτον
970 2262 1311 2341 εἱλίξασαι.

709 2370 1056 2437 Subridens
1102 2373 1400 2437 restitues
1447 2370 1972 2447 οὶποταΜόμεναι.

708 2585 815 2652 IV.
868 2585 989 2653 34:
1036 2589 1264 2653 ‘'ocol
1316 2587 1379 2652 δὲ
1429 2587 1647 2660 παῖδες
1695 2587 1813 2654 τῶν
1865 2589 2105 2660 Δηλίων
2156 2626 2238 2636 -
2288 2589 2503 2654 τιθεῖσι
2554 2587 2659 2653 καὶ
2700 2585 2859 2655 οὗτοι
2906 2588 3003 2653 ἐπὶ

623 2702 823 2772 σῆμα.

702 2799 829 2866 Pro
869 2797 1098 2866 “OCOI
1148 2803 1492 2885 requiritur
1537 2801 1881 2866 articulus:
1933 2803 1984 2866 οἱ
2033 2800 2095 2866 δὲ
2144 2802 2365 2873 παῖδες
2414 2807 2479 2867 et
2516 2805 2619 2889 ‚sic
2666 2801 2898 2868 diserte
2938 2801 3006 2866 in

613 2905 672 2970 R
721 2909 1030 2992 scriptum
1081 2913 1194 2972 est.

704 3116 818 3183 IV.
872 3116 1173 3184 36—3'7:
1224 3119 1546 3184 ὲκΑΕΤΗ.
1595 3120 1827 3200 Πέρσαι
1875 3120 2151 3188 οἰκέουσι.

703 3221 960 3308 Optime
1021 3223 1587 3312 Schweighaeuser
1643 3228 2046 3294 emendavit:
2113 3231 2391 3304 Ἀσίην
2449 3230 2679 3310 Πέρσαι
2727 3229 3003 3295 οἰκέουσι.

608 3328 996 3395 Praecedens
1042 3330 1344 3395 ἑκΑΟΤΗ
1403 3353 1668 3417 sequens
1717 3336 1919 3402 ACIH
1968 3335 2303 3421 absorpsit.

703 3542 812 3610 IV.
867 3543 982 3610 41:
1036 3545 1068 3618 ἦ
1117 3545 1279 3618 dxv-31
1326 3543 1487 3621 αὕτη
1536 3549 1701 3623 ςεινή
1752 3549 1863 3616 ἔςι.

702 3647 977 3716 Mirifice
1041 3652 1336 3717 turbatus
1394 3651 1573 3718 locus
1631 3656 1700 3720 in
1761 3654 1907 3730 AB,
1968 3655 2081 3720 ubi
2143 3655 2408 3744 legitur:
2467 3695 2549 3704 —
2604 3655 2763 3729 αὕτη
2830 3657 2917 3724 ἑςὶ
2968 3653 3005 3738 ᾗ

613 3757 723 3826 ἐςι.
772 3753 1074 3841 Superest
1115 3779 1336 3824 verum
1373 3761 1440 3824 in
1488 3760 1578 3825 R:
1636 3757 1794 3835 αὕτη
1843 3764 2005 3836 ςεινή
2055 3764 2169 3829 ε’ςι.
2222 3761 2443 3828 Scriba
2480 3761 2640 3827 alias
2681 3785 2779 3828 res
2806 3784 2999 3851 agens

607 3883 719 3948 pro
769 3871 1087 3928 cTelNH
1135 3865 1454 3952 (CTINH)
1506 3875 1698 3934 6:ch
1752 3868 1927 3933 dedit
1974 3868 2099 3936 ἕςὶν
2142 3867 2177 3947 ἦ
2228 3869 2360 3944 ἕςι,
2409 3875 2474 3934 et
2524 3875 2595 3932 ut
2632 3876 2797 3935 esset
2838 3868 3002 3936 Ioni-

614 3991 760 4036 cum
809 3969 899 4040 ἐς)
952 3967 986 4047 ἦ
1032 3993 1144 4058 pro
1194 3972 1318 4041 ἑςὶν
1369 3967 1425 4044 ἦ.

702 4184 810 4250 IV.
880 4185 999 4250 46:
1076 4185 1218 4251 οὔτε
1281 4186 1406 4267 γὰρ
1474 4187 1630 4260 ἔθνος
1692 4195 1810 4253 τῶν
1873 4189 2037 4258 ε’ντὸς
2102 4195 2208 4255 τοῦ
2271 4191 2500 4257 Πόντου
2562 4191 2726 4257 οὐδὲν
2773 4191 3002 4272 ἔχομεν

612 4289 1033 4368 προβαλέσθαι
1107 4296 1328 4374 σοφίης
1396 4293 1528 4374 πέρι
1591 4293 1730 4360 οὔτε
1796 4295 1987 4378 ἄνδρα
2050 4308 2383 4364 ΛΟΓΙΟΝ
2452 4299 2709 4376 οἴδαμεν
2773 4299 3000 4386 (ἴδμεν)

614 4395 959 4477 γενόμενον.

701 4502 779 4570 In
841 4502 958 4569 AB
1019 4514 1115 4572 est
1177 4505 1413 4586 λόγιον,
1461 4510 1526 4573 in
1573 4506 1633 4574 R
1679 4507 1959 4587 λόγιμον.
2036 4509 2202 4577 Utra
2246 4511 2560 4598 scriptura
2607 4520 2703 4578 est
2748 4509 2999 4600 potior?
