3414 5158
624 315 758 382 216
1681 338 1971 388 monus.

618 503 960 590 multiplex
1027 503 1312 569 doctrina
1370 509 1785 591 accurateque
1848 508 2249 592 antiquitatis
2313 508 2543 572 notitia
2612 525 2738 572 non
2800 504 3022 571 minus

617 609 974 698 legentium
1026 610 1508 676 admirationem
1556 619 1851 690 movent,
1901 634 2095 698 quam
2144 613 2458 678 scribendi
2510 611 2833 700 elegantia
2880 632 3023 679 ora-

619 719 932 801 tionisque
993 716 1183 782 decus
1220 721 1284 781 et
1330 719 1519 782 nitor.
1613 717 1739 784 His
1786 720 2139 786 virtutibus
2184 719 2487 784 Halmius
2532 738 2771 784 nomen
2820 740 3017 784 sunm

617 822 975 907 posteritati
1009 823 1504 890 commendavit.
1555 823 1818 912 Vigebit
1852 825 2195 890 clarissimi
2234 828 2360 890 viri
2394 829 2707 892 memoria
2731 825 2886 890 dnm
2912 827 3017 891 his

616 927 852 994 litteris
912 949 1065 994 suus
1129 930 1414 995 manebit
1479 929 1677 996 honos
1744 951 2055 1017 veraeque
2103 937 2168 996 et
2214 952 2401 997 sanae
2447 929 2837 1018 philologiae
2882 937 3017 996 stu-

621 1034 802 1100 dium
851 1035 1298 1101 celebrabitur.
2744 1047 2748 1052 “

707 1141 888 1216 Quae
954 1157 1172 1208 autem
1245 1141 1543 1208 'I'acitum
1617 1142 1929 1232 relegenti
1998 1144 2063 1208 in
2132 1148 2415 1209 mentem
2480 1143 2644 1208 mihi
2705 1149 3013 1210 venerunt

618 1246 774 1313 haec
821 1252 991 1313 sunt.

707 1459 785 1525 H.
840 1459 922 1525 31
973 1460 1318 1542 oinyebacur
1382 1467 1622 1526 interim
1686 1462 1877 1526 milite
1920 1463 2149 1540 domus,
2202 1443 2538 1546 strepebant
2584 1463 2761 1526 etiam
2806 1463 2874 1526 in
2918 1484 3013 1526 ve-

614 1564 834 1630 stibulo
853 1616 870 1651 ,
919 1574 986 1632 ut
1033 1569 1241 1632 audiri
1261 1618 1278 1652 ,
1329 1575 1397 1633 ut
1445 1568 1637 1652 aspici
1677 1576 1951 1653 poscent,
2000 1591 2127 1632 cum
2176 1569 2325 1632 Ideo
2370 1570 2519 1652 ipsis
2539 1616 2556 1645 ,
2604 1592 2753 1654 quas
2798 1569 2865 1632 in
2910 1589 3014 1633 no-

619 1677 916 1741 vissimam
980 1676 1334 1757 voluptatem
1383 1675 1769 1752 adhibuerat,
1820 1676 2011 1758 epulis
2059 1675 2441 1739 excrucia
2458 1686 2483 1738 t
2500 1698 2540 1738 u
2558 1700 2589 1738 ε
2632 1697 2843 1740 vocare
2874 1697 3013 1758 per-

615 1801 902 1846 cussorem
919 1830 938 1864 ,
977 1803 1270 1864 prensare
1315 1803 1612 1844 servorum
1657 1783 1905 1844 dextras
1924 1828 1940 1860 ,
1986 1781 2249 1845 inserere
2291 1782 2583 1862 qladium.

708 1885 870 1952 Libo
923 1889 1082 1972 ipsis
1145 1885 1354 1971 epulis
1423 1893 1982 1950 exsuscitatus
2032 1893 2127 1952 est
2174 1889 2220 1950 i.
2270 1907 2323 1951 e.
2378 1888 2457 1952 ab
2504 1885 2709 1972 epulis
2753 1907 3012 1973 surgere

615 1994 848 2059 iussus.
899 1991 1109 2060 Ceteri
1159 1994 1494 2076 scriptores
1539 1995 1607 2056 in
1655 1992 1773 2058 tali
1820 2013 1889 2058 re
1936 1999 2195 2057 excitare
2240 2013 2544 2078 usurpare
2590 1993 2793 2057 solent
2808 2012 2825 2070 ς
2875 1991 3003 2058 vid.

617 2097 873 2163 Petron.
920 2098 1054 2163 Sat.
1105 2096 1230 2167 96:
1276 2103 1644 2182 procurator
1679 2097 1927 2164 insulae
1961 2097 2308 2186 Bargates,
2351 2119 2386 2164 a
2427 2118 2617 2164 coena
2656 2100 3005 2182 excitatus3

617 2203 887 2269 Phaedr.
953 2203 1064 2269 IV.
1114 2203 1238 2268 24:
1300 2204 1494 2270 homo
1564 2205 1976 2288 perturbatus
2038 2207 2275 2270 excitat
2321 2204 2755 2288 Simonidem3
2806 2203 3003 2270 Mart.

616 2309 694 2374 V.
771 2310 888 2374 14:
961 2311 1060 2374 bis
1130 2313 1445 2376 excitatus
1513 2317 1733 2396 terque
1804 2310 2135 2376 transtulit
2203 2316 2428 2377 eastra.
2482 2349 2563 2360 —
2611 2310 2707 2376 De
2766 2312 3002 2375 omissa

615 2417 1080 2502 praepositione
1126 2416 1206 2483 cf.
1253 2415 1621 2483 Boetticher
1639 2465 1654 2494 ,
1704 2417 1980 2483 Lexicon
2028 2415 2233 2483 Tacit.
2279 2439 2341 2503 p.
2392 2417 2451 2482 5.

695 2632 821 2698 III.
872 2632 958 2697 59
1020 2635 1134 2697 hue
1191 2634 1480 2698 decidisse
1525 2642 1739 2697 cuneta
1786 2643 1855 2695 ut
1902 2654 1977 2696 ne
2023 2632 2255 2696 invenie
2299 2634 2531 2717 quidem
2577 2639 2741 2697 tanto
2784 2634 3002 2699 honore

605 2750 834 2823 accepto
897 2740 1096 2804 adiret
1153 2740 1322 2803 urbis·
1381 2740 1547 2815 deos,
1613 2740 2027 2819 inyrederetm·
2085 2746 2381 2805 senatum.
2450 2740 2723 2821 auspicia
2782 2740 2997 2805 sallem

597 2852 828 2927 ⁴qenbi
843 2847 871 2909 l
887 2870 918 2908 e
964 2848 1128 2929 apud
1171 2846 1358 2909 solwm
1405 2846 1711 2927 ine-iperet.

695 2952 982 3017 Patriam
1052 2972 1178 3017 non
1241 2952 1500 3034 qentile,
1569 2950 1680 3015 sed
1734 2952 2049 3033 qenital
2062 2972 2095 3014 e
2155 2951 2343 3015 solum
2389 2952 2644 3017 vocavit
2690 2949 2989 3037 Tacitus,

603 3057 1139 3142 quemadmodum
1191 3055 1474 3122 Velleius
1525 3054 1606 3121 II.
1660 3055 1766 3120 15.
1821 3058 1853 3121 1
1906 3054 2000 3141 (7.
2050 3054 2119 3139 7)
2142 3076 2158 3133 ;
2212 3054 2475 3121 eandem
2518 3057 2837 3137 qenitalem
2880 3064 2998 3123 ter-

602 3186 729 3227 ram
777 3163 944 3229 dixit
993 3164 1375 3254 Ammianus
1421 3160 1696 3229 XXVII.
1748 3161 1809 3227 5.

691 3372 806 3439 111.
860 3374 946 3439 46
995 3397 1116 3438 una
1161 3396 1348 3457 nuper
1387 3376 1591 3438 cohors
1637 3375 1909 3438 rebellem
1953 3374 2247 3438 Turonum
2270 3424 2287 3458 ,
2334 3396 2456 3437 una
2496 3376 2601 3438 ala
2644 3376 2993 3462 stertet-um,

589 3504 820 3563 paucae
878 3484 1054 3545 huius
1115 3480 1309 3563 ipsius
1355 3486 1646 3544 exercilus
1691 3486 1921 3543 turmae
1971 3481 2360 3563 profliqavere
2400 3480 2723 3565 Sequanos.
2772 3493 2995 3567 quanto

589 3594 842 3671 pecunia
909 3590 1060 3651 dites
1129 3595 1184 3651 el
1254 3587 1656 3670 voluptatibus
1725 3588 2183 3667 opulentos,
2261 3593 2429 3651 lanto
2500 3589 2687 3671 maqie
2747 3589 2995 3655 inbelles

597 3696 837 3759 Aeduos
883 3694 1130 3759 evineite
1179 3700 1234 3757 el
1269 3693 1652 3779 fuqientibuo
1696 3694 2002 3756 consulite.

685 3800 904 3885 Inepte
950 3800 1159 3865 editur
1205 3799 1608 3882 voluptatibus
1646 3799 1948 3880 opulentos
1970 3845 1986 3873 ,
2028 3796 2197 3881 quod
2236 3816 2361 3862 non
2404 3800 2619 3886 magis
2660 3801 2990 3867 ferendum

597 3910 722 3982 est,
778 3926 968 3991 qnam
1014 3906 1070 3969 si
1117 3908 1430 3989 scriptum
1479 3908 1643 3969 esset
1689 3904 2095 3985 voluptatibus
2145 3904 2490 3985 locupletes,
2540 3925 2593 3969 s.
2646 3906 2895 3983 divites,
2936 3927 2991 3973 s.

591 4011 864 4093 copiosos.
926 4010 1424 4075 Restituendum
1489 4014 1587 4074 est
1651 4010 2061 4098 voluplatibue
2106 4010 2594 4095 affluentes.
2654 4010 2797 4077 Vid.
2848 4009 2986 4079 Cic.

593 4118 670 4181 de
715 4116 852 4181 Fin.
899 4115 981 4181 II.
1025 4114 1140 4180 28.
1193 4112 1316 4180 93:
1386 4120 1452 4180 at
1497 4118 1728 4191 miser,
1782 4116 1835 4179 si
1884 4118 1952 4180 in
2000 4114 2320 4202 flagitiosa
2366 4118 2503 4181 vita
2548 4114 2833 4184 afflueret
2880 4140 2991 4185 vo-

589 4222 978 4309 luptatibus3
1029 4220 1215 4288 Tuae.
1267 4220 1339 4285 V.
1391 4218 1455 4286 6.
1509 4219 1624 4287 16:
1677 4218 2041 4287 affluentius
2088 4220 2450 4306 voluptates
2498 4222 2779 4308 undique
2827 4225 2986 4291 hau-

586 4330 711 4394 rire
733 4378 748 4403 ‚
814 4328 892 4393 cf.
943 4327 1091 4395 Tac.
1144 4330 1306 4393 Anu.
1358 4324 1496 4393 XV.
1549 4324 1670 4392 54:
1722 4326 1919 4393 simul
1964 4325 2327 4394 affluentius
2374 4326 2563 4395 solito
2608 4331 2985 4397 convivium

591 4436 850 4499 initum.
