3414 5158
1299 371 1725 439 meumes.
2629 360 2715 436 1¹7

325 551 636 633 βοὺσης
697 549 900 635 ὥρας
965 551 1074 620 καὶ
1147 549 1310 620 άκων
1372 551 1686 638 ἔδουλευε,
1750 553 1963 640 quibu
2008 575 2128 618 κοιι
2172 575 2279 618 cuo
2326 563 2579 638 imore
2623 553 2723 619 vel

323 660 551 726 invitm
607 659 1006 743 indulqobat?
1064 656 1168 728 Of.
1234 657 1306 724 H
1354 656 1419 743 3,
1472 657 1516 725 2
1565 658 1797 741 ήμέρας
1845 657 2376 743 καταλαβούσης,
2426 657 2498 724 Π
2543 657 2623 739 9,
2675 658 2717 724 5

324 766 606 849 ἑσπέρας
657 765 1149 846 καταλαβούσης
1169 814 1187 845 ,
1258 764 1346 832 VI
1408 764 1473 851 4,
1537 764 1582 832 2
1645 767 2143 845 καταλαβούσης
2205 773 2316 843 τῆς
2383 765 2716 846 ὡρισμένης

327 871 580 955 ήμὲρας.
627 872 757 939 V11
801 870 866 952 2,
917 871 958 938 9
1002 879 1306 954 χειμῶνος
1354 909 1443 921 -
1483 872 1988 952 καταλαβόντος.

413 979 488 1046 11
532 978 599 1056 8,
651 979 686 1046 1
752 975 910 1060 ἅπερ
973 979 1142 1053 είδὸς
1190 977 1512 1046 καλέσα
1537 1003 1568 1052 ς
1613 979 1756 1052 τούς
1804 1003 1877 1044 τε
1922 977 2321 1058 πανταχόθεν
2367 979 2715 1059 ςρατιώτας

326 1085 412 1158 εἷς
471 1087 652 1169 ῥητήν
710 1086 977 1172 ήμέραν,
1039 1089 1146 1153 τοῦ
1205 1109 1279 1153 τε
1325 1089 1541 1152 λοιποῦ
1589 1085 1854 1160 πλήθους
1905 1085 2328 1164 συνελθόντος,
2380 1121 2469 1133 —-
2517 1081 2716 1161 ἔλεξε.

325 1189 563 1260 Malim
625 1191 1184 1273 <συγ>καλέσας.
1253 1189 1355 1258 Of.
1417 1191 1512 1258 m
1574 1190 1636 1272 6,
1691 1190 1727 1257 1
1778 1191 2060 1278 aliosque
2109 1190 2281 1258 locos
2326 1210 2522 1278 quam
2569 1188 2716 1276 plu·

326 1316 546 1364 runos.

419 1403 491 1470 II
537 1402 602 1481 8,
652 1402 695 1469 9
740 1405 1008 1478 ταύταις
1057 1402 1454 1486 ἐπαιρόμενος
1501 1411 1645 1476 ταῖς
1692 1402 1936 1470 ἐλπίσιν
1985 1400 2249 1483 ὑπτίαζέ
2294 1426 2367 1468 τε
2411 1401 2560 1482 πρὸς
2606 1402 2717 1476 τήν

329 1508 452 1574 τῶν
507 1510 906 1590 πραγμάτων
965 1510 1364 1589 ἐπιμέλειαν,
1424 1507 1530 1574 καὶ
1593 1509 1685 1596 [ἐς
1750 1509 1819 1574 τὸ
1870 1507 2285 1596 άβροδίαιτον]
2357 1507 2717 1587 ἀνειμένως

326 1623 453 1688 τοῖς
487 1618 901 1696 ’Ἂντιοχεῦσι
959 1617 1451 1697 συνευφραίνετο.
1547 1613 1795 1680 Iniuria
1841 1614 2046 1681 editor
2092 1617 2580 1700 epitomatorem
2627 1635 2721 1680 se-

331 1727 519 1787 cutus
598 1721 828 1788 recidit
893 1723 1088 1790 verba
1154 1739 1556 1806 nequaquam
1627 1718 2047 1810 glossatorem
2115 1719 2447 1807 prodentia
2517 1721 2578 1792 ιῐς
2646 1720 2719 1786 τὸ

329 1827 888 1909 ἁβροδίαιτον.
958 1825 1056 1896 Of.
1103 1825 1212 1893 111
1259 1825 1327 1912 8,
1386 1826 1426 1891 5
1474 1833 1540 1893 et
1587 1823 1642 1892 V
1691 1825 1755 1904 2,
1807 1825 1869 1892 4.
1940 1825 2065 1892 Sed
2110 1825 2463 1892 revocanda
2512 1825 2720 1891 fuerat

328 1933 598 2021 vulgata
642 1935 972 2020 scriptum
1029 1952 1221 2018 quam
1269 1935 1556 2021 agnoscit
1596 1951 1846 2018 quoque
1884 1931 2082 1998 codex
2123 1931 2518 1998 Monacensis
2558 1933 2720 1997 άνει-

327 2037 526 2118 μένος.
575 2037 682 2105 Sic
722 2038 962 2105 dicitur
997 2039 1270 2104 άνεΐσθαι
1315 2039 1376 2112 ἐς
1416 2039 1486 2104 τὸ
1528 2038 1756 2118 κέρδος,
1803 2039 1889 2109 είς
1912 2036 2160 2102 άδικίαν
2179 2087 2197 2122 ,
2223 2036 2352 2104 alia
2377 2038 2711 2104 eiusmodi.

419 2143 491 2209 H
557 2146 659 2223 11,
722 2143 786 2210 8.
858 2143 1176 2211 Scribitur
1236 2145 1315 2210 de
1372 2143 1680 2230 Alpibus:
1750 2146 1812 2209 ἐν
1858 2143 2106 2225 τείχους
2156 2143 2449 2223 σχήματι
2502 2144 2719 2226 περί-

331 2273 449 2316 κει
471 2273 512 2315 τ
534 2272 612 2314 αι
682 2249 786 2316 καὶ
845 2249 1281 2332 προβέβληται
1349 2249 1656 2324 Ἰταλίας.
1720 2252 1809 2316 At
1868 2249 2063 2335 Alpes
2109 2247 2367 2315 Italiam
2413 2270 2539 2316 non
2587 2253 2717 2316 cin-

331 2360 532 2443 gunt,
599 2355 710 2421 sed
772 2358 1095 2442 scripsisse
1155 2355 1412 2422 videtur
1470 2355 1560 2422 H.
1618 2355 1788 2440 quod
1852 2356 1929 2420 de
1986 2356 2315 2421 montibus
2377 2356 2505 2421 dici
2554 2356 2716 2424 solet

332 2461 429 2525 ὖτ
449 2458 580 2538 έρκ
599 2483 819 2526 ειται
842 2507 860 2538 ,
909 2481 1036 2545 quo
1079 2468 1332 2544 recepto
1376 2464 1586 2527 nescio
1635 2481 1715 2526 an
1762 2459 1961 2525 simul
2006 2461 2543 2546 transponendum
2592 2466 2715 2529 sit:

333 2564 683 2644 ὑπέρκειται
738 2566 844 2630 καὶ
892 2566 952 2629 ἓν
999 2565 1248 2645 τείχους
1299 2565 1589 2645 σχήματι
1639 2564 2068 2647 προβέβληται
2119 2569 2423 2639 Ἰταλίας.

423 2672 495 2738 H
548 2670 652 2751 13,
703 2672 744 2737 5
807 2668 898 2739 ἔςι
961 2669 1038 2736 δὲ
1103 2671 1178 2735 ἐν
1239 2669 1417 2748 ἐμοὶ
1480 2668 1571 2735 ὅτι
1634 2667 1779 2735 ποτ’
1843 2668 1923 2735 ἂν
1970 2672 2137 2748 ὑμᾶς
2183 2672 2403 2752 δρᾶσαι
2454 2674 2709 2749 θελήσω.

330 2776 594 2844 Reiskio
653 2777 1217 2866 obtemperandum
1281 2778 1490 2844 fuerat
1552 2778 1884 2846 verissime
1930 2778 2309 2866 corrigenti:
2357 2774 2451 2847 ἕςι
2499 2781 2555 2846 δ’
2604 2780 2707 2846 ἐπ’

332 2882 428 2961 ἐμ
451 2883 515 2949 οὶ
566 2884 698 2949 κτὲ.

421 2990 493 3055 Π
559 2988 662 3063 13,
727 2988 768 3054 6
835 2988 1032 3056 Recte
1097 2989 1328 3075 optimi
1389 2990 1667 3056 codices:
1727 2990 1839 3064 τὴν
1905 2990 2093 3069 <δὲ>
2143 2993 2463 3068 Ῥωμαίων
2515 2994 2715 3074 ἀρχὴν

326 3096 456 3160 κτὲ.
501 3095 672 3162 Nam
719 3095 1050 3162 offensioni
1095 3096 1203 3161 hic
1249 3102 1347 3162 est
1393 3094 1765 3182 asyndeton.

420 3200 491 3265 II
559 3199 662 3278 14,
729 3200 771 3265 4
839 3200 930 3267 ὅτι
992 3199 1112 3282 ἄρα
1176 3201 1269 3278 εἴη
1333 3202 1480 3279 άνηρ
1543 3200 1925 3280 πολύτροπός
1971 3224 2065 3274 τις
2115 3204 2219 3267 καὶ
2270 3204 2444 3280 μετά
2486 3204 2715 3289 τέχνης

325 3304 494 3378 είδὼς
541 3306 984 3386 προσφέρεσθαι
1033 3307 1539 3386 πράγμασιν.
1594 3306 1824 3372 Malim
1870 3314 2043 3379 τοῖς
2090 3306 2601 3388 πράγμασιν.

419 3410 526 3476 III
577 3414 635 3488 1,
685 3409 726 3475 3
788 3408 1276 3497 suppleverim:
1343 3412 1616 3493 ’Λτρηνοὶ
1686 3411 1748 3477 δὲ
1810 3410 1989 3488 ἦλθον
2037 3414 2205 3496 αὐτῷ’
2254 3412 2504 3491 τοξόται
2554 3404 2716 3496 σύμ·

327 3538 570 3600 μαχοι,
621 3514 990 3599 πέμψαντος
1029 3518 1378 3597 Βαρσημίου
1400 3567 1418 3597 ,
1461 3514 1524 3591 ὃς
1563 3524 1680 3584 τῶν
1722 3518 1925 3585 τόπων
1968 3521 2323 3597 <τούτων>
2356 3512 2714 3599 ἐβασίλευε.

328 3622 487 3689 Post
531 3630 854 3689 ΤΟΠΩΝ
901 3624 1088 3690 facile
1134 3626 1371 3690 excidit
1416 3624 1632 3691 simile
1676 3634 2083 3692 ΤΟΤΤΩΝ.

421 3728 530 3795 III
578 3728 640 3809 4,
691 3729 731 3794 5
793 3731 1022 3807 πλῆθος
1076 3766 1158 3780 --
1179 3779 1198 3809 ,
1261 3726 1406 3811 ὅπερ
1456 3728 1525 3795 ἔκ
1569 3755 1641 3795 τε
1685 3738 1805 3796 τῶν
1851 3732 2278 3811 περικειμένων
2326 3733 2563 3799 πόλεων
2609 3736 2714 3801 καὶ

331 3836 534 3914 άγρῶν
595 3834 856 3921 ήθροιςο,
920 3840 999 3909 ὥς
1062 3837 1180 3902 ἀπ’
1233 3838 1569 3917 άσφαλοῦς
1617 3840 1725 3900 τοῦ
1774 3836 1963 3901 τόπου
2012 3836 2095 3903 τὰ
2145 3838 2497 3916 γιγνόμενα
2544 3839 2718 3906 θεά-

331 3962 619 4007 σοιντο.
669 3940 1009 4009 Soloecum
1057 3947 1153 4008 est
1197 3942 1512 4008 futurum.
1560 3939 1852 4007 Emenda
1899 3940 2365 4009 θεάσαιντο.

420 4044 514 4110 ῙΠ
563 4043 626 4130 6,
677 4046 718 4111 5
777 4044 978 4128 ὥσπερ
1040 4048 1104 4114 δὲ
1150 4047 1336 4113 αὐτὸν
1384 4049 1844 4127 εὐεργετοῦντες
1894 4047 2180 4128 πρότερον
2222 4059 2377 4131 τιμῇ
2426 4051 2532 4116 καὶ
2579 4051 2718 4136 δόξῃ

329 4150 765 4230 ἕκοσμήσαμεν
787 4199 803 4231 ,
873 4150 1026 4217 οὕτω
1097 4154 1202 4218 καὶ
1266 4158 1367 4217 νῦν
1422 4154 1613 4219 αὐτοῦ
1679 4154 1751 4219 τὸ
1812 4150 2035 4223 ἄπιςον
2102 4154 2204 4219 καὶ
2255 4154 2543 4239 ἄνανδρον
2592 4167 2717 4234 τοῖς

327 4253 536 4331 ὅπλοις
609 4256 1016 4338 ἐλέγξΩμεν.
1090 4257 1532 4325 Herodianum
1591 4260 1919 4345 scripsisse
1992 4258 2368 4339 ἐλέγξομεν
2440 4271 2721 4353 arguunt

327 4365 468 4449 ipsa
515 4366 709 4431 verba
758 4367 1118 4452 sequentia:
1167 4365 1302 4431 οὐδὲ
1351 4364 1505 4447 γάρ
1555 4367 1855 4443 ὑπομενεῖ
1895 4366 1923 4430 δ
1973 4366 2196 4432 ἐκείνου
2243 4370 2466 4448 ςρατὸς
2514 4373 2647 4437 κτὲ.

420 4469 514 4537 ΠΙ
561 4468 626 4549 8,
674 4470 718 4537 8
763 4475 841 4546 ὡς
892 4472 1019 4553 γάρ
1064 4471 1355 4555 καρτερίᾳ
1392 4479 1611 4554 ψυχῆς
1658 4473 1766 4540 καὶ
1814 4471 2184 4558 άνεξικακίφ
2225 4475 2416 4540 πόνων
2442 4476 2720 4552 διοικήσει

2396 4594 2431 4643 8
