3414 5158
1397 407 1685 461 merrus.
2608 355 2737 460 221

261 673 265 677 ⁴
351 582 538 667 pina,
605 582 660 646 si
723 578 928 644 eidem
989 575 1174 642 fidem
1225 577 1573 643 habuisset.
1667 576 1934 672 Scripsit
1980 578 2290 642 nimirum
2340 575 2601 642 Tacitus
2636 599 2742 642 re-

349 710 380 751 e
395 710 428 750 e
442 693 467 751 i
483 710 518 751 v
535 711 566 752 e
583 709 614 751 ν
630 710 668 750 a
689 697 716 749 t
760 684 1098 768 Aqn‘ppina
1143 691 1700 768 contempseratque.

443 900 616 966 XIV.
672 901 756 965 14
817 915 982 966 vetus
1045 901 1149 964 illi
1205 902 1414 984 cupido
1477 907 1606 964 erat
1652 899 1952 962 curriculo
1998 898 2424 980 quadriyarum
2470 897 2746 961 insistere

349 1029 454 1071 nec
500 1007 693 1070 minue
721 1007 978 1090 foedum
1027 1007 1288 1071 eludium
1333 1009 1564 1072 eithara
1617 1007 1915 1071 ludim-um
1964 1011 2031 1068 in
2068 1006 2301 1070 modum
2337 1023 2567 1068 canere.
2608 1025 2745 1066 eon·

347 1121 574 1178 certare
627 1113 790 1194 equis
835 1115 1058 1195 reyium
1113 1123 1168 1178 el
1216 1118 1478 1198 antiquie
1525 1115 1774 1179 ducibus
1802 1112 2171 1198 factitatum
2216 1111 2595 1186 memorabat,
2648 1109 2742 1174 id-

347 1241 456 1304 que
519 1227 716 1283 valum
759 1221 1042 1283 laudibus
1089 1221 1310 1284 celebre
1355 1227 1412 1284 el
1457 1222 1696 1284 deorum
1742 1219 1953 1283 honori
1996 1221 2221 1282 datum.
2272 1217 2563 1282 enimvero
2609 1231 2743 1282 eon·

349 1337 445 1390 tm
489 1327 771 1409 Apollini
813 1349 1013 1391 saeros
1031 1373 1048 1404 ,
1099 1337 1178 1390 ta
1197 1328 1366 1411 liqu
1383 1349 1414 1390 e
1461 1334 1678 1390 ornatu
1726 1327 1969 1390 adstare
2014 1347 2133 1389 non
2178 1325 2345 1388 modo
2391 1323 2638 1387 Graecis
2676 1323 2743 1386 in

352 1433 594 1496 urbibus
609 1478 626 1508 ,
677 1437 778 1496 sed
827 1433 1100 1496 Romana
1145 1433 1312 1514 apud
1358 1436 1572 1515 templa
1621 1454 1835 1496 numen
1876 1431 2263 1513 praecipuum
2300 1440 2359 1494 et
2390 1429 2741 1512 praescium.

441 1537 648 1621 Nero,
697 1544 772 1602 ut
819 1538 1090 1603 effusum
1138 1539 1382 1603 cithara
1433 1537 1727 1603 cantandi
1774 1537 2061 1602 studium
2110 1548 2471 1618 excusaret,
2520 1539 2743 1600 cantus

348 1641 638 1728 Apollini
680 1664 885 1709 sacros
921 1644 1318 1708 memorabat
1359 1645 1783 1728 talarique
1822 1650 2039 1707 ornatu
2078 1643 2499 1708 citharoedico
2524 1643 2737 1726 ipsum

349 1749 542 1813 deum
615 1755 748 1814 tam
824 1751 892 1814 in
961 1746 1265 1832 Graecia,
1330 1771 1519 1834 quam
1583 1749 1874 1814 Romana
1935 1749 2102 1833 apud
2167 1747 2409 1834 templa
2466 1748 2733 1814 adstare.

346 1854 674 1939 Namque:
729 1855 1051 1941 „Pythius
1096 1858 1164 1920 in
1212 1855 1404 1943 longa
1453 1858 1736 1920 carmina
1784 1862 1959 1919 veste
2005 1853 2243 1924 sonat'’.
2294 1859 2369 1918 ut
2415 1861 2511 1919 est
2566 1854 2734 1940 apud

343 1959 786 2045 Propertium,
837 1960 947 2025 111.
998 1961 1086 2025 23
1135 1960 1252 2046 (ΙΙ.
1303 1961 1441 2047 31).
1497 1959 1612 2038 163
1665 1961 1744 2026 cf.
1796 1959 2095 2025 Tibullus
2140 1960 2265 2024 111.
2314 1960 2373 2023 4.
2419 1959 2504 2026 35
2521 1981 2540 2038 3
2582 1958 2735 2026 Ovi-

343 2065 518 2142 dius,
590 2065 749 2130 Met.
818 2066 933 2130 XI.
1001 2065 1148 2131 166.
1248 2066 1404 2146 Quis
1466 2073 1595 2143 est,
1655 2069 1809 2152 quin
1856 2065 2222 2150 Apollinem
2271 2065 2463 2131 illum
2510 2063 2735 2131 Citha-

342 2172 606 2237 roedum
677 2176 926 2239 noverit
949 2223 964 2249 ‚
1035 2172 1224 2239 talari
1283 2172 1456 2258 palla
1515 2177 1827 2239 amictum
1851 2219 1866 2250 ,
1934 2171 2173 2257 Scopae
2222 2170 2603 2255 artificium,
2654 2171 2734 2237 ad

343 2281 526 2344 cuius
591 2279 954 2365 exemplum
1018 2279 1230 2345 nobile
1275 2281 1533 2366 signum
1584 2299 1950 2365 expressum
2001 2283 2132 2361 est,
2181 2278 2351 2363 quod
2400 2281 2466 2343 in
2519 2281 2732 2342 Museo

342 2382 648 2451 Vaticano
711 2389 1084 2452 asservatur.
1141 2421 1227 2433 —
1273 2384 1398 2451 Vv.
1469 2385 1658 2449 talari
1705 2395 1924 2448 ornatu
1970 2383 2275 2470 leguntur
2327 2384 2496 2468 apud
2540 2383 2734 2449 Fron-

343 2493 598 2566 tonem,
672 2491 750 2556 de
821 2491 996 2555 feriis
1058 2489 1453 2555 Alsiensibus
1516 2511 1577 2574 p.
1649 2489 1782 2554 229
1833 2490 1997 2555 Nab.
2049 2487 2149 2554 Of.
2196 2489 2365 2554 Ann.
2416 2488 2561 2554 XV.
2612 2486 2731 2552 65:

342 2599 588 2684 tragico
637 2602 880 2663 ornatu.

428 2808 594 2875 XIV.
651 2810 732 2875 19
796 2818 1126 2897 sequuntur
1177 2811 1440 2876 virorum
1486 2812 1833 2875 inlustrium
1879 2818 2091 2875 morlee
2107 2859 2124 2893 ,
2176 2808 2431 2873 Domitii
2477 2808 2633 2893 Afri
2676 2815 2733 2874 et

340 2918 430 2981 M.
494 2917 770 3003 Servilii,
835 2919 938 3003 qui
999 2918 1238 2982 summis
1297 2918 1620 2981 honor-ihm
1665 2924 1723 2981 el
1768 2920 1955 2981 mulla
2002 2920 2335 2998 eloquentia
2380 2916 2694 2996 viqueramt
2712 2962 2729 2997 ,
2761 2942 2767 2947 ·

335 3024 444 3087 ille
489 3024 712 3088 orando
758 3046 969 3089 caueae
983 3073 998 3102 ,
1053 3024 1338 3089 Servilius
1383 3026 1491 3087 din
1528 3024 1676 3110 soro
1693 3072 1712 3107 ,
1759 3044 1895 3087 ‘mox
1940 3024 2247 3087 tradendis
2295 3022 2465 3085 rebus
2512 3021 2729 3085 Roma·

336 3134 434 3193 nie
493 3130 738 3194 celebris
800 3138 856 3194 et
917 3132 1213 3213 eleqanlia
1271 3132 1468 3213 vitae,
1519 3152 1692 3215 qnam
1740 3130 2177 3194 clariorem
2223 3130 2452 3215 effecit,
2501 3138 2571 3190 ut
2614 3150 2730 3210 par

337 3237 572 3317 inqenio
591 3282 609 3312 ,
659 3237 751 3300 ila
798 3258 1020 3301 morum
1065 3237 1351 3301 diversus.

429 3340 656 3406 Potius
743 3342 1116 3408 crediderim
1199 3341 1542 3407 Servilium
1628 3341 1948 3428 elegantia
2030 3360 2283 3407 morum
2310 3390 2327 3415 ‚
2399 3342 2733 3425 victusque

337 3448 660 3513 munditia
721 3454 786 3514 et
844 3448 1102 3514 lautitia
1165 3450 1366 3514 vitam
1431 3447 1919 3512 hilariorem
1982 3448 2281 3513 effecisse.
2331 3443 2427 3512 Cf.
2478 3446 2729 3530 Nepos,

337 3552 480 3620 Att.
520 3552 652 3632 .19;
704 3552 851 3618 Tac.
900 3556 1060 3618 Ann.
1111 3553 1186 3618 V.
1239 3557 1316 3632 8;
1369 3552 1500 3621 Cic.
1552 3554 1629 3619 de
1675 3552 1819 3617 Fin.
1865 3551 1941 3616 V.
1994 3551 2101 3617 30.
2154 3550 2259 3615 92.
2303 3588 2375 3599 --
2418 3550 2732 3617 Litteram

339 3660 380 3722 h
439 3679 616 3725 more
675 3658 846 3726 haud
909 3659 1166 3725 insolito
1233 3665 1292 3724 a'
1331 3659 1591 3725 librario
1651 3659 1957 3723 omissam
2014 3655 2406 3741 corruptelae
2454 3657 2731 3739 primam

343 3786 599 3833 causam
649 3768 844 3833 fuisse
892 3771 1168 3853 apparet.

431 3978 606 4047 XIV.
657 3980 746 4045 24
812 3990 1048 4057 ventum
1107 3980 1318 4045 dehine
1376 3984 1442 4043 in
1487 3979 1641 4043 locos
1685 3976 1875 4041 cultos
1919 3976 2319 4061 demeeeaeque
2363 3981 2578 4056 seqelee
2602 4022 2619 4048 ,
2676 3983 2736 4039 et

341 4108 418 4151 ex
479 4088 703 4151 duobus
763 4088 1059 4171 castelh’e,
1108 4088 1174 4150 in
1221 4108 1370 4171 quae
1416 4085 1812 4170 eonsuyerant
1855 4083 2185 4167 Armenii,
2210 4083 2463 4147 alterum
2508 4082 2728 4164 impetn

341 4200 572 4276 captum
586 4220 615 4270 ,⁰
661 4195 764 4278 qui
795 4198 1052 4278 primam
1097 4193 1217 4257 vim
1262 4193 1649 4275 depulerant,
1699 4190 1999 4254 obsidione
2042 4211 2283 4271 eoqun
2304 4198 2383 4251 tu
2402 4210 2457 4252 r.

431 4300 722 4365 Editores
783 4298 1156 4365 contendere
1217 4297 1422 4363 solent
1480 4303 1622 4382 post
1667 4304 1956 4377 coquntur
2002 4298 2387 4382 cogitatione
2431 4290 2725 4377 supplen-

343 4406 499 4471 dum
571 4426 704 4471 esse
773 4408 857 4470 ad
922 4406 1296 4469 deditionem.
1389 4403 1606 4469 Minus
1677 4403 2009 4480 audacter,
2074 4401 2257 4467 credo
2277 4448 2292 4471 .
2358 4406 2559 4486 agunt
2620 4400 2729 4483 qui

343 4534 597 4579 mecum
625 4533 737 4602 pro
763 4520 1053 4596 coqu-ntur
1077 4514 1362 4577 scribunt
1404 4512 1865 4594 einynnlur.
1910 4548 1991 4557 —
2030 4508 2343 4573 Obsidione
2365 4508 2597 4591 einqere
2614 4493 2731 4592 pro
