3414 5158
1323 402 1684 452 nmmos.
2612 384 2698 451 35

310 589 435 636 non
483 571 850 655 quaerimus
896 568 1049 653 quid
1095 570 1163 631 in
1209 588 1332 633 usu
1379 568 1575 633 fuerit
1619 572 1767 634 ante
1820 568 2165 633 Pindarum
2186 615 2202 643 ,
2252 567 2361 634 sed
2410 567 2563 652 quid
2609 570 2702 653 ip-

311 679 444 741 sius
511 674 771 739 Pindari
835 680 1008 738 aetas
1075 674 1374 755 postulet.
1438 672 1576 737 Iam
1643 673 1696 738 si
1767 673 1934 758 apud
1996 678 2243 739 veteres
2291 693 2361 738 ac
2410 673 2703 757 probatos

311 782 682 863 scriptores.
735 778 902 863 apud
949 776 1250 864 Tragicos
1299 784 1468 843 certe
1515 781 1855 863 ipsumque
1897 779 2053 843 adeo
2092 778 2447 843 Pindarum
2475 778 2701 843 Isthm.

314 884 402 949 VI
465 884 586 949 74:
655 886 812 949 πίσω
883 890 1010 963 σφε
1063 886 1291 963 Δίρκας
1343 882 1532 960 ἁγνὸν
1581 880 1767 967 ὕδωρ,
1816 904 2159 967 pronomen
2208 890 2335 962 σφε
2383 882 2706 949 interdum

313 990 394 1057 ad
441 1011 634 1055 unam
685 1009 1011 1076 personam
1061 989 1360 1071 refertur,
1411 988 1489 1053 cf.
1541 988 1973 1055 Buttmannus
2019 992 2086 1054 in
2134 988 2443 1076 Lexilogo
2492 1010 2552 1074 p.
2596 987 2705 1065 60,

313 1096 690 1162 debebimus
749 1095 1012 1161 fortasse
1069 1097 1138 1159 in
1202 1096 1570 1179 pronomine
1632 1098 1983 1179 possessivo
2046 1097 2359 1179 patienter
2418 1096 2581 1159 ferre
2638 1092 2708 1158 id

315 1201 483 1285 quod
527 1203 596 1265 in
642 1200 955 1284 personali
1003 1202 1374 1283 pronomine
1419 1219 1636 1264 omnes
1681 1200 1912 1265 ferunt.
1962 1199 2137 1265 Velis
2182 1199 2347 1264 nolis
2368 1246 2383 1277 ,
2432 1198 2707 1265 alterum

316 1307 518 1371 trabit
578 1306 876 1372 alterum.
970 1305 1185 1370 Etiam
1233 1302 1470 1391 negas?
1520 1306 1723 1370 Incidi
1770 1306 1836 1369 in
1884 1308 2307 1390 suspicionem
2359 1326 2551 1388 quam
2600 1304 2746 1367 hic·

316 1412 668 1476 adscribere
735 1412 938 1476 iuvat.
1031 1410 1124 1473 Eo
1173 1409 1310 1475 loco
1355 1430 1548 1493 quem
1596 1411 1769 1486 dixi,
1818 1430 1930 1495 pro
1978 1418 2103 1489 σφε
2153 1412 2329 1474 varia
2374 1410 2565 1474 lectio
2612 1416 2707 1473 eet

317 1540 433 1600 γε,
491 1516 658 1581 unde
719 1515 1037 1600 Bergkius
1101 1514 1360 1579 fortasse
1419 1516 1610 1579 fuisse
1673 1518 2035 1600 suspicatur
2056 1564 2073 1591 ‚
2124 1518 2237 1599 qui
2281 1539 2338 1578 rs
2388 1514 2705 1600 leg-erent,

325 1642 486 1705 quae
557 1622 760 1685 forma
827 1619 996 1704 apud
1063 1618 1415 1682 Pindarum
1480 1620 1751 1682 minime
1818 1639 1959 1683 rara
2002 1632 2119 1683 eet..
2214 1618 2349 1683 Iam
2398 1618 2709 1683 habemus

321 1727 505 1789 iuxta
564 1743 906 1807 pronomen
975 1720 1260 1799 ὑμέτερος
1323 1723 1677 1787 breviorem
1727 1722 2002 1788 formam
2050 1724 2197 1799 ὑμός
2218 1745 2232 1761 ·
2280 1726 2372 1788 sic
2419 1722 2708 1804 σφέτερος

321 1840 451 1906 est,
515 1829 623 1893 sed
669 1831 840 1905 ,σφὸς
905 1828 1232 1891 invenitur
1276 1826 1473 1913 Pyth.
1523 1827 1577 1891 V
1637 1828 1787 1892 102.
1836 1828 1951 1893 Est
1998 1831 2319 1913 praeterea
2363 1850 2711 1913 pronomen

320 1935 486 2019 quod
557 1934 727 2018 apud
799 1934 969 1997 hunc
1037 1942 1286 2017 poetam
1360 1935 1578 1998 crebro
1639 1933 1880 2019 legitur
1941 1936 2029 2005 νὸς
2096 1942 2159 2000 et
2227 1936 2343 2006 τεός
2370 1983 2385 2012 ,
2436 1956 2583 2000 nam
2635 1936 2711 2000 de

318 2038 576 2106 Aeolica
621 2038 811 2103 litera
858 2058 1046 2105 nemo
1095 2038 1368 2103 dubitat.
1420 2037 1538 2103 Est
1585 2041 1767 2105 verbi
1814 2060 2005 2105 causa
2050 2040 2245 2126 Pytb.
2295 2039 2386 2106 IV
2430 2040 2551 2108 98:
2604 2040 2708 2105 καὶ

319 2146 414 2219 τίς
481 2132 799 2225 ἀνθρώπων
848 2168 918 2209 σε
969 2142 1417 2225 χαμαιγενέων
1465 2148 1765 2216 πολιᾶς
1816 2145 2107 2222 ἐξανῆκεν
2154 2146 2404 2226 γαςρός.
2498 2147 2713 2213 Nimis

321 2258 416 2317 est
465 2249 812 2316 ridiculum
859 2250 1026 2338 quod
1073 2250 1402 2315 Disaenius
1447 2249 1552 2313 hic
1597 2252 1839 2315 senilem
1888 2260 2117 2317 uterum
2163 2253 2491 2341 intelligit.
2556 2251 2711 2319 Sen-

323 2360 412 2422 sit
455 2358 610 2431 hoc.
663 2358 918 2440 opinor,
969 2356 1348 2442 Hartnngus
1395 2362 1459 2420 et
1506 2358 1660 2419 satis
1707 2355 2049 2422 infeliciter
2096 2360 2365 2424 coniecit
2410 2362 2662 2430 σκοτιᾶς
2685 2408 2703 2432 .

325 2462 432 2527 sed
479 2460 686 2525 multo
732 2461 926 2527 etiam
977 2460 1296 2525 infelicius
1339 2467 1775 2525 commentum
1819 2464 1955 2527 eius
1992 2471 2088 2527 est
2127 2468 2231 2528 cui
2268 2486 2469 2550 nuper
2493 2464 2705 2535 κοΐλας

326 2565 632 2651 placebat.
725 2564 1112 2630 Iamdudum
1178 2572 1272 2628 est
1333 2585 1411 2628 ex
1475 2585 1598 2648 quo
1645 2566 1809 2629 mihi
1857 2589 2246 2632 correxeram
2296 2593 2447 2635 ποτε
2492 2574 2596 2642 εᾶς
2646 2575 2711 2635 et

327 2692 496 2736 nunc
556 2669 764 2734 laetus
811 2669 996 2734 video
1043 2669 1207 2734 mihi
1254 2670 1332 2734 de
1378 2689 1453 2732 ea
1499 2669 1769 2734 lectione
1818 2691 1965 2735 cum
2014 2671 2437 2739 Herwerdeno
2484 2692 2710 2740 conve·

327 2779 480 2840 nire.
573 2773 744 2840 Satis
807 2781 1052 2839 certum
1115 2775 1234 2840 hoc
1295 2794 1427 2838 esse
1474 2774 1747 2839 dixerim
1769 2824 1787 2858 ‚
1836 2797 1983 2840 cum
2032 2782 2403 2860 praesertim
2455 2781 2709 2846 videam

325 2901 669 2965 pronomen
713 2886 936 2965 poetae
983 2882 1050 2943 in
1104 2878 1352 2945 deliciis
1395 2899 1564 2962 esse,
1614 2879 1815 2946 veluti
1860 2881 2081 2948 Isthm.
2116 2883 2233 2948 VII
2276 2884 2361 2948 32
2386 2885 2489 2950 vel
2512 2885 2711 2972 Pyth.

329 2985 424 3052 IV
478 2985 604 3051 159
654 2990 718 3051 et
769 2984 914 3052 187.
978 2984 1198 3069 Itaque
1245 2988 1438 3049 sicuti
1487 2986 1635 3059 ὁμὸς
1684 2989 2012 3052 invenitur
2059 2995 2123 3053 et
2171 2990 2495 3074 ὑμέτερος,
2544 2995 2703 3072 σφὸς

329 3096 393 3156 et
451 3091 783 3172 σφέτερος,
849 3091 1147 3169 daia-spor,-
1210 3097 1275 3156 et
1339 3089 1498 3166 ὠμός
1521 3137 1537 3169 ,
1587 3091 1666 3156 ad
1716 3092 1979 3158 eandem
2027 3094 2213 3178 plane
2262 3095 2623 3184 analogiam
2674 3117 2713 3164 a

328 3201 694 3282 pronomine
741 3199 966 3263 tertiae
1013 3216 1310 3281 personae
1365 3195 1640 3262 derivari
1677 3201 1890 3282 potuit
1927 3199 2015 3272 τός
2059 3199 2161 3266 vel
2199 3199 2324 3274 nde,-
2364 3210 2427 3267 et
2463 3205 2711 3282 εέτερος.

330 3301 580 3370 Lusisse
623 3311 928 3390 putemur
975 3303 1030 3367 si
1073 3301 1240 3366 nihil
1289 3307 1404 3368 est.

425 3512 592 3580 Satis
637 3518 864 3579 notum
911 3525 1006 3580 est
1051 3513 1222 3598 apud
1267 3518 1512 3580 veteres
1559 3511 1833 3580 Graecos
1880 3516 2233 3584 numeralia
2279 3519 2348 3582 in
2394 3523 2711 3605 composi-

338 3621 419 3684 tis
463 3639 585 3685 non
631 3623 766 3707 pati
811 3622 1215 3686 mutationes.
1265 3617 1485 3704 Itaque
1531 3621 1809 3685 sincerae
1850 3621 2087 3688 formae
2126 3628 2277 3688 sunt
2316 3624 2709 3705 ἑκατόγχειρ,

343 3724 845 3807 ἑκατογκέφαλος
865 3774 883 3804 ,
933 3723 1358 3799 Ἑκατόννησοι
1381 3773 1399 3807 ,
1447 3725 1912 3800 Ἐκατόμπεδοο
1934 3777 1949 3804 ,
2004 3729 2147 3792 eim.
2240 3727 2607 3814 Excipitur,
2658 3732 2718 3795 si

341 3829 493 3894 forte
551 3831 788 3898 vocalis
835 3834 1124 3916 sequitur
1143 3877 1160 3909 ,
1207 3851 1356 3894 nam
1403 3831 1754 3893 rectissime
1801 3829 2101 3894 scribitur
2148 3831 2601 3916 ἑκατόνταρχος
2650 3841 2715 3901 et

346 3931 853 4017 ἑκατοντορόγυιος
893 3943 961 4002 et
1001 3934 1459 4012 ἑκατοντετηρίς
1502 3937 1567 3997 et
1605 3933 2048 3998 ἑκατονταετεῖ
2078 3935 2267 4020 βιοτᾷ
2309 3939 2473 4022 apud
2498 3941 2712 4024 ipsum

344 4039 492 4104 adeo
551 4041 899 4106 Pindarum
957 4042 1152 4128 Pyth.
1202 4039 1288 4104 IV
1339 4036 1490 4103 282.
1557 4037 1833 4104 Librarii
1883 4047 2160 4106 metrum
2212 4042 2375 4108 nihil
2423 4051 2715 4110 curantes

347 4144 718 4211 delabuntur
793 4146 873 4209 ad
935 4146 1206 4210 formam
1272 4145 1398 4208 sibi
1461 4149 1677 4208 notam
1744 4150 1809 4208 et
1854 4155 2222 4231 usurpatam
2272 4155 2337 4212 et
2381 4149 2549 4235 apud
2596 4152 2715 4216 Ae·

346 4251 630 4337 schylum
677 4252 964 4318 scribunt
1011 4251 1576 4326 ἑκατοντάκκροινος
1620 4257 1684 4314 et
1727 4250 2324 4334 ἓκατοντακεφοίλας
2365 4257 2534 4341 apud
2572 4259 2715 4324 Ari-

349 4357 730 4442 stophanem.
777 4357 862 4424 Et
909 4357 977 4422 hi
1022 4357 1279 4443 quidem
1327 4376 1564 4422 errores
1608 4358 1742 4420 iam
1790 4357 1947 4423 olim
1988 4359 2071 4424 ab
2118 4360 2321 4427 doctis
2366 4362 2715 4430 editoribus

351 4465 599 4530 correcti
657 4467 808 4532 sunt
825 4509 842 4542 ‚
905 4463 1016 4530 sed
1078 4461 1402 4528 difficilius
1464 4465 1560 4528 est
1606 4461 1815 4528 dicere
1860 4483 2187 4550 quousque
2229 4467 2299 4532 in
2344 4469 2714 4556 corrig-endo
