3414 5158
1443 373 1843 423 monowus.
2704 357 2833 424 159

534 542 721 618 Quod
767 541 1058 608 homines
1102 542 1170 606 in
1217 541 1466 629 ingenti
1511 539 1692 606 luctu
1741 538 1913 606 ultro
1953 538 2268 606 faciebant
2306 539 2482 608 idem
2523 541 2835 609 Lacedae-

445 651 648 715 monii
693 649 1009 715 faciebant
1055 648 1277 714 coacti.

534 861 642 928 VI.
691 861 813 928 61:
879 864 1290 945 ἐπιφανεῖσαν
1354 861 1416 927 δὲ
1480 861 1819 942 έπείρεσθαι
1886 859 2036 948 (leg.
2105 860 2473 946 ἐπειρέσθαι)
2537 885 2644 939 μιν
2692 857 2742 942 δ’,
2770 886 2829 928 τι

440 969 613 1050 Φέρει
661 969 720 1033 ἕν
770 979 846 1050 τῇ
897 968 1192 1053 ἀγκάλῃ,
1243 967 1346 1032 καὶ
1397 969 1506 1042 τὴν
1552 968 1793 1048 φράσαι
1846 967 1920 1041 ὡς
1974 967 2211 1032 παιδίον
2259 965 2548 1053 [Φορέει].

531 1073 604 1139 In
667 1073 726 1139 R
788 1081 885 1140 ost
953 1078 1028 1148 ὡς
1080 1074 1318 1140 παιδίον
1365 1075 1557 1157 φέρει.
1609 1074 1720 1140 sed
1764 1079 2111 1158 utrumque
2157 1072 2360 1155 φορέει
2410 1079 2473 1139 et
2519 1073 2689 1156 φέρει
2736 1076 2831 1140 in-

439 1181 726 1245 siticium
774 1185 869 1246 ost
915 1186 978 1247 et
1025 1180 1388 1246 delendum.

529 1390 640 1456 VI.
691 1391 811 1457 65:
862 1392 1114 1474 φθάσας
1169 1391 1355 1463 αὐτὸς
1405 1394 1514 1468 τὴν
1561 1389 1879 1471 Πέρκαλον
1928 1388 2239 1471 ἁρπάσας.

530 1501 744 1563 Attica
790 1499 994 1564 forma
1040 1503 1136 1563 est
1182 1497 1433 1580 ἔφθασα
1459 1547 1473 1572 ,
1525 1495 1805 1579 φθάσας.
1864 1495 2227 1562 Herodotus
2274 1499 2509 1564 aoristo
2556 1499 2829 1564 secundo

437 1603 738 1668 utebatur
785 1601 1005 1684 ἔφθην,
1057 1605 1320 1682 φθῆναι,
1374 1603 1557 1684 φθάς.
1658 1603 1882 1688 Itaque
1930 1611 1995 1668 ot
2041 1604 2147 1668 hio
2184 1604 2351 1684 φθάς
2394 1605 2827 1689 reponendum

440 1712 504 1773 et
564 1707 704 1773 VII.
773 1707 935 1774 161:
1003 1711 1168 1790 φθὰς
1237 1709 1298 1774 δὲ
1346 1710 1372 1773 δ
1427 1711 1759 1782 Ἀθηναίων
1806 1709 2087 1788 ἄγγελος
2136 1711 2239 1774 τὸν
2286 1709 2825 1790 Λακεδαιμονίων,

438 1835 550 1900 pro
610 1814 888 1894 φθάσας.
949 1814 1147 1881 Recte
1205 1814 1448 1902 leg-itur
1493 1813 1606 1881 ΙΙΙ.
1661 1815 1789 1883 713
1860 1816 1967 1881 οὐκ
2014 1814 2209 1889 ἄλλος
2256 1815 2422 1898 φθὰς
2476 1817 2587 1895 ἐμὲ
2633 1817 2826 1892 κατῆ·

436 1944 609 2002 γορος
657 1920 815 1990 ἔςαι.
867 1925 930 1988 et
973 1919 1095 1988 IX.
1147 1921 1268 1986 46:
1318 1921 1520 2003 τάπερ
1569 1923 1744 2000 ὑμεῖς
1788 1921 2061 2004 φθάντες
2110 1923 2509 2005 προφέρετε.·

521 2132 633 2199 VI.
683 2130 802 2199 65:
853 2135 880 2199 ὃ
929 2135 1319 2216 Λευτυχίδης
1369 2135 1756 2214 κατόμνυται
1806 2137 2244 2216 ΔημαρήτΩῙ.

526 2237 958 2318 Κατόμνυσθαι
1023 2249 1244 2328 suapte
1303 2247 1532 2308 natura
1598 2263 1749 2308 oum
1798 2244 2085 2330 genitivo
2135 2244 2537 2329 componitur
2588 2248 2663 2309 ut
2708 2268 2820 2309 κα-

430 2347 852 2425 ταψεύδεσθαι
891 2353 958 2414 et
998 2349 1240 2414 similia
1265 2350 1498 2415 omnia.
1546 2347 1747 2415 Recto
1771 2351 1972 2434 igitur
1998 2347 2341 2415 Rexhibet
2367 2351 2817 2432 ΔημαρήτΟΤ.

521 2543 632 2612 VI.
684 2544 807 2612 60:
873 2546 1214 2629 ἀπικομένῳ
1279 2546 1342 2612 δὲ
1389 2556 1468 2630 τῇ
1518 2545 1699 2629 μητρὶ
1752 2546 1941 2621 ἐσθεὶς
1994 2547 2053 2619 ές
2100 2547 2218 2621 τὰς
2264 2555 2486 2630 χεῖρας
2542 2551 2651 2634 [οἱ]
2701 2551 2821 2615 τῶν

425 2652 821 2733 σπλάγχνων
868 2653 1246 2719 κατικέτευε.

518 2756 762 2825 Vitiosa
831 2760 1112 2825 abundat
1181 2778 1526 2845 pronomen
1596 2759 1670 2823 οἱ.
1762 2756 1909 2824 Dici
1965 2762 2216 2844 poterat
2276 2758 2690 2840 ἀπικομένῌο
2750 2760 2815 2826 δὲ

425 2872 597 2930 THC
656 2875 933 2946 μητρΟΟ
994 2864 1183 2940 ἐσθεὶς
1247 2867 1306 2938 ἐς
1367 2866 1484 2939 τὰς
1531 2863 1749 2947 χεῖράς
1797 2867 1848 2931 οἱ
1894 2870 2014 2929 τῶν
2060 2864 2490 2947 σπλάγχνων,
2546 2866 2657 2932 sod
2702 2868 2817 2932 ubi

427 2970 683 3038 dativus
731 2972 1052 3058 praecedit
1098 2973 1150 3038 οἱ
1200 2972 1346 3039 addi
1394 2992 1519 3038 non
1564 2976 1797 3059 potest.
1949 2960 1957 2967 ⁰

515 3182 628 3250 VI.
680 3183 804 3251 68:
853 3186 976 3264 ἐγώ
1024 3209 1097 3250 σε
1143 3182 1220 3251 ὦν
1264 3185 1676 3268 μετέρχομαι.

515 3289 756 3358 Melius
803 3292 862 3359 R
911 3292 1032 3371 ἐγὼ
1079 3288 1156 3357 ὦν
1201 3316 1292 3357 σε.

515 3503 626 3572 VI.
679 3504 796 3572 69:
849 3507 991 3580 τοὺς
1039 3504 1343 3590 ςεφάνους
1389 3509 1532 3580 τοὺς
1577 3502 1720 3589 εἶχε
1768 3504 1903 3585 ἐμοὶ
1952 3506 2326 3589 περιετίθεε.

513 3612 722 3679 Proba
771 3613 976 3680 forma
1023 3618 1120 3681 est
1165 3615 1540 3696 περιετίθΘῙ.

513 3824 631 3894 VI.
685 3826 806 3895 693
854 3826 1108 3910 φαμένη
1159 3826 1346 3894 αὐτὸν
1389 3830 1456 3892 οὔ
1505 3832 1709 3900 καλῶς
1756 3824 1979 3891 ποιέειν
2028 3822 2498 3905 ἀπαρνεόμενον.

513 3932 588 3999 In
641 3934 702 4001 Β,
759 3936 1071 4021 scriptum
1117 3941 1213 4001 est
1258 3933 1747 4017 άπαρνευόμενον
1766 3980 1784 4017 ,
1830 3934 1900 3997 in
1948 3951 2073 4017 quo
2120 3930 2281 3997 latet
2322 3928 2804 4012 ἀπαρνεόμενον.

514 4146 618 4214 VI.
663 4144 786 4213 69:
835 4145 1022 4225 οὕτω,
1067 4143 1110 4211 ὦ
1152 4152 1310 4224 παῖ,
1353 4142 1521 4228 ἔχεις
1559 4129 1684 4211 π’ἄν
1712 4140 1846 4210 ὅσον
1870 4168 1931 4210 τι
1957 4143 2059 4209 καὶ
2095 4141 2452 4223 βούλεαι
2493 4140 2803 4208 πυθέσθαι.

509 4252 894 4341 Recipienda
963 4258 1099 4320 erat
1169 4274 1248 4319 ex
1307 4250 1370 4317 R
1436 4251 1770 4318 verissima
1827 4251 2017 4318 lectio
2082 4248 2337 4328 ἔβούλεο
2385 4268 2500 4335 pro
2545 4248 2807 4328 βούλεαι

415 4381 694 4447 namquo
739 4362 851 4446 qui
903 4362 1026 4426 soit
1071 4359 1288 4426 omnia
1333 4380 1456 4425 non
1505 4359 1785 4447 amplius
1831 4357 2137 4438 βούλεται
2186 4355 2503 4427 πυθέσθαι.
