3414 5158
1395 373 1717 423 nomus.
2619 354 2748 421 189

446 540 685 608 Itidem
731 548 783 604 K
834 538 989 625 545,
1036 539 1213 606 alibi.
1260 539 1385 605 Pro
1430 534 1557 613 ὅςις
1576 587 1593 618 ,
1640 539 1836 612 ὁποῖος
1887 538 2037 605 ferri
2082 538 2318 623 poterit
2363 540 2433 603 in
2501 537 2746 625 duplici

354 649 851 735 interrogatione
910 648 1283 733 praesertim
1332 647 1429 717 τίς
1480 652 1546 711 et
1594 654 1763 719 ποῖος
1783 692 1800 723 ,
1853 644 2058 711 veluti
2104 670 2148 709 α
2197 643 2331 710 406
2383 649 2448 711 et
2493 668 2522 709 ο
2572 642 2746 722 423;

354 756 467 821 sed
526 756 917 821 contrarium
978 753 1161 839 plane
1204 753 1571 819 inauditum
1620 759 1737 820 est.
1831 752 2102 819 Unicam
2147 752 2543 838 probabilem
2591 755 2746 821 novi

353 864 527 929 viam
550 908 567 938 ‚
614 881 741 947 qua
788 864 922 925 tam
969 862 1146 945 turpi
1188 859 1423 925 mendo
1468 859 1712 925 mederi
1759 861 2035 945 possim:

626 966 857 1040 ποίης
904 990 1040 1031 τευ
1088 968 1147 1029 τ’
1196 964 1297 1030 ἐπὶ
1348 967 1481 1040 νηὸς
1530 966 1798 1045 ἀφίκεος
1853 971 1980 1037 πῶς
2028 964 2095 1030 δέ
2141 988 2211 1030 σε
2261 969 2488 1033 ναῦται

624 1074 871 1151 ἤγαγον
918 1074 1003 1145 εἷς
1053 1070 1335 1146 Ἰθάκηνς

445 1308 489 1349 α
688 1306 705 1349 2

537 1282 822 1469 lxmam·
870 1387 1061 1472 ἥρωα,
1110 1390 1213 1455 τὸν
1258 1388 1459 1456 οὐκέτι
1510 1390 1671 1472 φασὶ
1725 1388 1979 1457 πόλινδε

539 1494 802 1577 ἔρχεσθ’,
850 1498 1001 1563 ἀλλ’
1046 1495 1389 1562 ἀπάνευθεν
1434 1497 1533 1561 ἐπ’
1580 1498 1776 1575 ἀγροῦ
1824 1498 2098 1575 πήματα
2147 1494 2542 1578 πάσχειν.

352 1602 560 1693 Lege:
608 1604 947 1684 πάσχει.
994 1600 1090 1670 Cf.
1140 1602 1262 1683 Qu.
1310 1602 1505 1669 Hom.
1556 1623 1618 1688 p.
1660 1600 1770 1669 93.

442 1838 487 1878 α
536 1812 705 1881 220:

531 1924 635 1986 νῦν
682 1920 735 1985 δ’
778 1916 839 1994 ὃς
888 1918 1329 1997 ἀποτμότατος
1376 1919 1591 1999 γένετο
1640 1920 1865 1994 θνητῶν
1909 1920 2266 2000 ἀνθρώπων,

531 2030 639 2091 τοῦ
685 2028 759 2104 μ’
808 2024 876 2091 ἔκ
922 2032 1130 2105 Φασι
1179 2024 1505 2104 γενέσθαι,
1556 2024 1687 2091 ἐπεὶ
1739 2026 1816 2092 σύ
1863 2050 1950 2105 με
1996 2029 2168 2093 τοῦτ’
2215 2026 2509 2107 ἐρεείνεις.

347 2131 563 2221 Lege:
610 2138 839 2216 Φησι.
885 2129 983 2199 Of.
1032 2131 1153 2208 Qu.
1202 2131 1395 2199 Hom.
1449 2152 1512 2219 p.
1566 2130 1718 2199 133.

440 2344 719 2413 Cobetus
781 2346 849 2411 in
911 2347 1131 2412 Μιιειη.
1198 2346 1355 2413 XIII
1420 2344 1549 2415 1¹77
1615 2365 1751 2432 sqq.
1819 2344 2164 2433 diligenter
2210 2346 2523 2431 ostendit,
2571 2366 2734 2433 quae

350 2452 519 2538 apud
561 2450 921 2519 Homerum
968 2451 1113 2519 ἕδνα
1158 2452 1553 2538 dicerentur3
1602 2454 1758 2519 haec
1804 2455 1977 2519 enim
2023 2473 2062 2519 a
2107 2454 2314 2538 procis
2361 2452 2500 2519 dari
2546 2452 2738 2519 solita

346 2558 541 2626 fuisse
596 2578 973 2646 sponsarum
1037 2558 1327 2646 patribus
1348 2605 1364 2637 ,
1424 2560 1529 2643 qui
1576 2554 1744 2624 filias
1789 2576 1936 2624 suas
1979 2558 2318 2624 venderent.
2409 2556 2588 2624 Hinc
2633 2558 2734 2622 in-

344 2667 535 2734 vietis
580 2667 978 2753 argumentis
1024 2664 1303 2731 ostendit
1346 2666 1639 2751 spurium
1695 2683 1830 2730 esse
1873 2683 2134 2730 versum
2181 2688 2224 2728 α
2274 2661 2429 2742 278,
2479 2665 2594 2749 qni
2635 2683 2734 2728 re-

348 2774 549 2840 currit
598 2773 649 2851 β
701 2769 865 2838 197:

432 2881 485 2944 ol
533 2878 598 2944 δὲ
644 2877 856 2957 γάμον
902 2876 1183 2954 τεύξουσι
1230 2876 1335 2944 καὶ
1391 2875 1774 2960 ἀρτυνέουσιν
1821 2875 1993 2942 ἔεδνα

434 2985 708 3050 πολλὰ
754 2981 972 3064 μάλ’,
1022 2981 1229 3048 ὅσσα
1268 2981 1485 3049 ἔοικε
1522 2983 1776 3066 φίλης
1817 2982 1945 3048 ἐπὶ
1989 2982 2279 3054 παιδὸς
2314 2979 2686 3047 ἔπεσθαι.

349 3091 539 3158 Proci
598 3097 749 3157 sunt
809 3093 919 3177 qui
964 3087 1111 3156 ἕδνα
1158 3091 1389 3157 debent
1435 3089 1712 3170 ἀρτύνειν
1757 3089 1822 3156 h.
1850 3111 1904 3156 e.
1955 3085 2301 3171 ἑτοιμάζειν
2346 3090 2486 3154 sive
2532 3088 2736 3170 εὖτρε·

343 3197 539 3280 πίζειν
598 3203 665 3263 et
725 3205 1017 3282 apertum
1081 3203 1179 3262 est
1241 3195 1627 3262 versiculum
1686 3198 2004 3263 insertum
2069 3195 2267 3262 fuisse
2315 3213 2464 3261 cum
2510 3214 2586 3262 ea
2629 3211 2731 3262 res

340 3307 775 3394 ignoraretur,
836 3304 1031 3368 sicuti
1090 3303 1304 3389 ipsum
1373 3302 1728 3369 Pindarum
1791 3303 2186 3392 ignoravisse
2232 3299 2529 3368 videmus
2575 3301 2737 3387 qnid

340 3415 503 3478 iuris
546 3409 702 3477 olim
752 3411 821 3474 in
868 3406 1137 3476 Graecia
1181 3410 1425 3476 fuisset.
1476 3408 1719 3494 Operae
1761 3412 2046 3494 pretium
2093 3413 2192 3475 est
2239 3407 2398 3475 alios
2443 3407 2618 3474 locos
2655 3406 2736 3472 de

342 3519 563 3586 eodem
612 3523 989 3606 argumento
1034 3517 1387 3585 adscribere
1412 3565 1429 3595 ‚
1476 3521 1555 3582 ut
1598 3514 1760 3582 alias
1805 3515 2326 3601 interpolationes
2372 3508 2732 3579 manifestis

340 3625 594 3690 indiciis
666 3643 1033 3711 arguamus.
1128 3621 1391 3690 Scilicet
1460 3627 1715 3688 mortuo
1776 3621 2016 3708 Ulysse
2077 3619 2394 3704 Penelope
2455 3639 2581 3686 non
2627 3620 2734 3684 sui

338 3733 498 3796 iuris
564 3727 785 3807 fiebat,
854 3729 965 3794 sed
1035 3728 1306 3796 debebat
1368 3729 1571 3795 redire
1628 3731 1697 3793 in
1763 3732 2094 3812 paternam
2153 3725 2458 3791 domum:
2507 3723 2734 3790 deinde

338 3837 582 3904 Icarius
628 3856 768 3903 eam
815 3838 1053 3900 iterum
1104 3836 1354 3900 vendere
1396 3838 1663 3920 poterat.
1759 3831 1932 3898 Mira
1975 3851 2192 3906 narro,
2239 3830 2350 3896 sed
2388 3828 2555 3895 nihil
2591 3833 2732 3914 pot-

338 3949 435 4010 est
480 3962 614 4009 esse
660 3941 915 4009 certius.
990 3939 1067 4006 In
1114 3942 1413 4008 concione
1460 3937 1881 4006 Telemachus
1925 3937 1976 4015 β
2027 3935 2116 4003 52
2165 3935 2242 4002 de
2286 3935 2494 4022 procis
2538 3934 2735 4001 verba

336 4050 524 4119 facit:

790 4143 844 4219 οἳ
890 4153 1123 4232 πατρὸς
1170 4152 1283 4230 μὲν
1330 4151 1391 4226 ἐς
1436 4146 1591 4216 οἶκον
1638 4151 2011 4231 ἀπερρίγασι
2061 4146 2298 4215 νέεσθαι

793 4257 1053 4340 Ἰκαρίου
1074 4307 1093 4336 ,
1141 4254 1217 4330 ὥς
1266 4259 1322 4322 κ’
1370 4258 1557 4328 αὐτὸς
1604 4256 1958 4323 ἐεδνώσαιτο
2005 4255 2328 4337 θύγατρα,

789 4364 912 4440 δοίη
967 4365 1021 4428 δ’
1068 4357 1112 4446 ᾧ
1159 4370 1217 4429 κ’
1266 4363 1439 4446 ἐθέλῃ
1482 4364 1593 4430 καί
1636 4363 1689 4430 οἱ
1735 4361 2176 4446 κεχαρισμένος
2227 4359 2388 4446 ἔλθῃ.

335 4471 737 4541 Conveniunt
780 4471 1111 4540 Minervae
1148 4470 1342 4537 verba
1387 4493 1431 4535 α
1476 4466 1645 4538 276:

3153 5048 3382 5100 „-
