3414 5158
579 223 668 290 54
1661 237 1891 286 Puro,

575 425 661 473 so.
747 405 1178 488 προαγορεύειν
1265 404 1328 470 δὲ
1417 405 1546 485 (τὸν
1631 403 1975 483 ἐγγύτατα
2061 389 2241 481 γένειΙ
2307 401 2393 480 τῷ
2473 400 2982 478 τελευτήσαντι).

665 513 821 580 876.
870 515 943 579 Α.
1012 513 1108 583 τίς
1171 507 1268 577 οὖν
1316 511 1344 575 ό
1389 511 1562 588 μετὰ
1607 515 1825 574 τοῦτον
1874 508 2060 586 λόγος
2110 515 2175 574 et
2220 528 2381 593 quae
2428 511 2777 592 sequuntur
2822 523 2977 569 om-

573 623 680 685 nia
742 617 1114 685 Atheniensi
1175 617 1407 682 tribuit
1465 615 1628 682 alter
1673 620 1779 680 τοῦ
1830 613 2219 696 πατριάρχου
2268 611 2505 680 Codex,
2564 611 2971 678 Rectissime.

573 723 826 809 Quippe
871 744 984 788 nee
1029 725 1559 809 interrogationes
1607 721 1760 787 illae
1806 741 1921 786 nee
1967 720 2404 807 interrogandi
2452 719 2678 785 modus
2717 715 2973 784 Cliniae

573 831 960 894 conveniunt
977 875 995 905 ,
1039 849 1154 894 nee
1201 830 1324 893 nisi
1368 830 1504 913 ipse
1549 827 1672 893 sibi
1720 827 2123 912 responderet
2171 825 2583 891 Atheniensis
2621 827 2713 890 sie
2749 823 2968 908 loque-

571 941 783 1002 retur:
833 935 1030 1000 τάδε
1080 936 1114 999 δ
1133 935 1166 1008 ἦ
1215 934 1386 1012 μετὰ
1434 938 1644 999 ταῦτα
1693 931 1965 1013 ὀρθότατ’
2017 932 2093 999 ἂν
2143 933 2335 998 εἰπεῖν
2386 929 2499 1006 εἴη.

664 1041 830 1106 Ibid.
879 1041 954 1107 B.
1005 1041 1173 1122 Quid
1223 1040 1472 1106 malum
1517 1045 1616 1107 est
1661 1037 1731 1116 ἐξ
1772 1038 2053 1118 άνάγκῃς
2094 1035 2505 1116 εἷλῃμμένονῖ
2553 1035 2712 1102 Dele
2745 1036 2960 1114 εἰλημ-

573 1147 775 1224 μένον.

664 1251 820 1322 877.
867 1255 942 1320 Α.
996 1253 1120 1320 οὐδ’
1171 1253 1670 1331 αἰδούμενον.
1724 1253 2066 1338 Perpetem
2114 1253 2371 1336 Aetius,
2429 1250 2736 1330 „Veniam
2764 1252 2963 1333 impe-

576 1359 920 1434 trantem”‚
1015 1359 1199 1426 Idem
1263 1363 1374 1446 qni
1441 1365 1658 1444 postea
1719 1359 1829 1432 τὴν
1888 1358 2093 1438 τύχην
2142 1357 2248 1424 καὶ
2298 1357 2403 1422 τὸν
2450 1355 2717 1434 δαίμονα
2764 1355 2965 1422 sontis

573 1467 867 1544 σέβεσθαι
914 1467 1208 1544 iubetur,
1259 1467 1366 1531 hio
1409 1468 1623 1551 ipsum
1671 1464 1974 1530 αἰδεῖσθαι
2021 1470 2294 1531 vetatur.

665 1570 818 1640 878.
866 1573 944 1638 Α.
994 1571 1150 1639 Dele
1197 1592 1451 1638 comma
1495 1576 1637 1657 post
1687 1569 2205 1652 ἐπονομάζοντας.
2267 1569 2515 1636 Ominis
2562 1589 2751 1635 causa
2793 1570 2963 1634 huno

573 1680 947 1766 adoptivum
995 1680 1327 1761 γεννήτορά
1379 1703 1450 1743 τε
1500 1681 1712 1752 αὐτοῖς
1759 1679 1863 1744 καὶ
1916 1679 2190 1759 ὲςιοῦχον
2232 1677 2337 1744 καὶ
2382 1679 2753 1759 θεραπευτὴν
2790 1677 2963 1742 ὁσίων

572 1811 641 1852 τε
691 1785 796 1851 καὶ
849 1787 1014 1864 ἱερῶν
1059 1789 1413 1852 nominant.
1508 1785 1678 1850 Hine
1726 1790 1902 1871 patet
1948 1785 2273 1863 γίγνεσθαι
2325 1784 2609 1851 alienum
2657 1803 2810 1850 esse.

661 1890 826 1959 Ibid.
873 1891 946 1955 B.
996 1891 1146 1955 άλλ·
1195 1886 1278 1963 οἷς
1319 1889 1409 1960 ἔτι
1447 1892 1712 1970 μεθόριον
1738 1939 1755 1968 ,
1798 1893 1979 1956 τοῦτο
2024 1891 2110 1975 [ἐν
2152 1890 2347 1976 μέσῳ]
2392 1885 2533 1969 ὅρων
2574 1888 2963 1971 πρότερον

578 1996 841 2077 ἑκατέρῳ
889 1996 1289 2077 προσβάλλον
1337 1995 1610 2077 γίγνοιτ’
1661 1995 1738 2063 ἂν
1784 2001 2027 2076 άμΦοῒν
2073 1995 2343 2074 μεταξύ.
2392 1996 2480 2062 Η.
2521 2017 2578 2063 e.
2630 1996 2833 2080 ²‚quod
2873 1998 2965 2060 in-

573 2109 672 2169 ter
718 2103 843 2170 duo
890 2124 1126 2191 genera
1169 2105 1367 2170 situm
1417 2109 1513 2170 est
1560 2105 1893 2188 utriusque
1940 2105 2255 2189 particeps
2301 2102 2461 2168 est.”
2511 2102 2635 2168 Pro
2683 2101 2963 2182 πρότερον

571 2209 718 2298 lege
765 2210 1047 2294 ποτέρων,
1097 2211 1266 2295 quod
1311 2210 1484 2276 idem
1533 2215 1626 2276 est
1676 2215 1867 2295 atque
1916 2209 2331 2288 ὃποτερωνοῦν.
2381 2209 2538 2276 Mox
2587 2213 2761 2275 reete
2807 2219 2864 2274 A
2903 2213 2969 2273 et

575 2326 647 2382 Ω.
717 2337 829 2402 pro
903 2317 1200 2384 ε’νεςάτων
1269 2315 1506 2383 habent
1565 2308 1624 2380 ἓν
1687 2312 1825 2384 ἔςω.
1888 2314 1961 2380 L.
2026 2315 2398 2395 τραυμάτων
2462 2310 2561 2380 οὖν
2610 2306 2671 2378 ἓν
2716 2313 2834 2384 {w
2880 2312 2966 2378 τὸ

571 2425 720 2503 ὀργῇ
769 2421 1156 2502 γενόμενον,
1205 2419 1342 2509 (οὗ)
1388 2423 1498 2488 ἐὰν
1543 2420 1707 2503 ὄφλῃ
1762 2445 1857 2493 τις
1906 2445 2049 2487 aar.
2078 2423 2125 2487 ἑ.

663 2526 819 2597 879.
867 2527 940 2596 G.
989 2528 1063 2597 L.
1103 2530 1464 2596 διανοεῖσθαι
1505 2527 1575 2594 τὸ
1622 2528 2037 2613 πρεσβύτερον
2074 2530 2151 2601 ὥς
2192 2529 2257 2594 οὐ
2284 2528 2520 2610 σμικρῷ
2547 2531 2654 2595 τοῦ
2682 2527 2960 2609 νεωτέρου

579 2633 724 2722 [ἐςὶ]
775 2635 1125 2715 πρεσβεῦο
1150 2660 1200 2700 ν.
1247 2637 1324 2701 In
1371 2634 1720 2701 Theaeteto
1768 2636 1844 2707 ὡς
1896 2632 2218 2713 πετόμενοι
2268 2635 2662 2701 διανοοῦνται.

659 2741 819 2807 Ibid.
869 2742 938 2807 Ε.
993 2744 1101 2808 ἐὰν
1148 2740 1272 2821 ἄρα
1320 2742 1540 2813 άδίιιως
1592 2740 1735 2821 δοκῇ
1784 2740 1811 2805 ὅ
1860 2738 2023 2815 ξένος
2073 2742 2175 2807 τὸν
2222 2741 2542 2822 ἐπιχώριον
2586 2741 2841 2808 τύπτειν
2886 2752 2963 2826 τῇ

568 2848 880 2926 μάστιγι,
928 2848 1032 2914 τὸν
1077 2846 1275 2925 ξένον,
1327 2842 1476 2918 ὅσας
1527 2844 1602 2911 ἂν
1652 2844 1839 2917 αὐτὸς
1888 2844 2181 2929 πατάξῃ,
2230 2846 2546 2921 τοσαύτας
2597 2846 2798 2921 δόντες
2847 2856 2957 2925 τῆς

569 2952 964 3031 θρασυξενίας
1015 2951 1350 3019 παυόντων.
1400 2950 1576 3038 Ergo
1624 2952 1681 3015 si
1727 2970 1947 3039 pugno
1995 2950 2100 3018 vel
2146 2952 2316 3019 fuste
2362 2974 2518 3020 usus
2564 2954 2787 3033 fuerit,
2842 2954 2962 3019 im·

567 3079 736 3142 pune
800 3056 1039 3123 abibit!
1105 3056 1377 3141 Malim,
1441 3058 1552 3123 ἐάν
1615 3053 1739 3137 ἄρα
1800 3057 2033 3124 άδικεῖν
2092 3057 2270 3142 δοκῇ,
2336 3068 2414 3143 τῇ
2477 3060 2743 3140 μάςιγι,
2810 3055 2956 3131 ὅσας

571 3162 758 3236 αὐτὸς
809 3161 1100 3244 πατάξῃ,
1153 3161 1464 3234 τοσαύτας
1515 3161 1715 3235 δόντες
1766 3185 1824 3229 ιι.
1850 3186 1909 3227 τ.
1937 3162 1985 3229 ὲ.

661 3267 818 3334 881.
867 3270 947 3335 A.
993 3268 1255 3339 θάνατος
1301 3270 1413 3346 μὲν
1459 3262 1557 3333 οὖν
1603 3270 1711 3334 οὐκ
1757 3266 1881 3338 ἔςιν
1929 3266 2238 3350 ἔσχατον,
2288 3272 2339 3337 οί
2390 3271 2443 3337 δ’
2478 3272 2541 3336 ἐν
2575 3269 2786 3338 Ἃιδου
2823 3274 2957 3339 τού-

571 3396 726 3438 τοισι
775 3372 1100 3453 λεγόμενοι
1147 3374 1310 3441 πόνοι
1361 3371 1450 3439 ἔτι
1500 3397 1569 3438 τε
1618 3372 1845 3439 τούτων
1892 3374 2009 3440 εἶσὶ
2056 3380 2305 3457 μᾶλλον
2352 3378 2417 3442 ἐν
2465 3378 2801 3458 ἐσχάτοις,
2849 3382 2952 3445 καὶ

575 3479 942 3555 άληθέςατα
988 3478 1378 3559 λέγοντες
1426 3479 1589 3545 οὐδὲν
1635 3479 1923 3545 άνύτουσι
1970 3488 2111 3555 ταῖς
2153 3482 2475 3556 τοιαύταις
2514 3488 2762 3566 ψυχαῖς
2804 3486 2957 3552 άπο-

571 3596 817 3668 τροπῆς.
911 3585 1285 3653 Ridiculum
1319 3592 1445 3655 ,eet
1509 3584 1671 3651 πόνοι
1734 3584 2100 3662 άληθέςατα
2162 3590 2478 3668 λέγοντες.
2572 3588 2857 3657 Goniioio
2904 3591 2952 3656 οί

567 3693 621 3758 δ’
683 3694 744 3757 ἐν
803 3691 1014 3759 Ἀιδου
1080 3696 1292 3759 τοῦτ’
1339 3690 1503 3759 εἰσὶ
1555 3690 1879 3771 λεγόμενοι
1928 3693 2127 3759 πόνοι·
2180 3696 2271 3783 (h.
2324 3717 2379 3762 e.
2434 3695 2737 3783 ἔσχατον)
2784 3692 2853 3761 οἳ
2898 3696 2951 3763 δ’

569 3797 656 3863 ἔτι
700 3824 770 3865 τε
810 3799 1038 3865 τούτων
1077 3800 1226 3866 εἰσὶν
1271 3803 1332 3865 ἒν
1373 3798 1709 3882 ἐσχάτοις,
1751 3800 1855 3865 καὶ
1882 3800 2246 3875 άληθέςατα
2284 3802 2435 3881 λέγ
2459 3827 2691 3869 ονται
2734 3828 2789 3869 κ.
2818 3829 2879 3869 τ.
2905 3804 2950 3868 ἑ.

657 3908 1019 3991 Antequam
1097 3905 1176 3971 ad
1245 3905 1486 3971 librum
1547 3906 1963 3972 undecimum
2026 3912 2272 3974 transeo
2334 3907 2551 3975 locum
2614 3912 2951 3995 praeterire

569 4011 770 4076 nolim
820 4014 930 4097 qui
975 4012 1042 4075 in
1090 4010 1388 4076 omnibus
1431 4008 1618 4075 libris
1663 4014 1755 4076 sie
1805 4014 2079 4098 scriptus
2126 4018 2256 4081 est:
2304 4011 2487 4100 (871.
2541 4014 2644 4101 O.)
2693 4017 2853 4088 τίνες
2900 4016 2951 4079 δ’

567 4116 718 4180 εἶσιν
778 4118 830 4181 οἱ
897 4115 1011 4181 θεοὶ
1074 4115 1178 4180 καὶ
1229 4116 1323 4190 τίς
1374 4116 1401 4181 ὃ
1450 4113 1666 4196 τρόπος
1713 4122 1829 4181 τῶν
1876 4118 2159 4184 τοιούτων
2206 4119 2385 4186 δικῶν
2432 4127 2544 4195 τῆς
2594 4122 2949 4200 εἰσαγωγῆς

567 4220 968 4299 ὀρθότατα
1018 4223 1208 4300 πρὸς
1254 4224 1340 4287 τὸ
1389 4222 1601 4287 θεῖον
1649 4221 1746 4286 ἂν
1792 4222 2299 4304 γιγνόμενος
2349 4225 2469 4301 εἴη
2520 4226 2949 4309 νομοφύλακες

667 4372 680 4389 .
715 4372 726 4389 .
781 4326 1324 4407 νομοθετησάμενοι
1373 4327 1548 4401 δίκας
1597 4328 1971 4406 εἰσαγόντων
2012 4332 2281 4407 ταύτας.
2373 4331 2499 4412 Qui
2534 4332 2844 4399 τύπτεται
2886 4336 2949 4399 et
