<?xml version="1.0" encoding="UTF-8"?>
<!DOCTYPE html PUBLIC "-//W3C//DTD XHTML 1.0 Transitional//EN"
    "http://www.w3.org/TR/xhtml1/DTD/xhtml1-transitional.dtd">
<html xmlns="http://www.w3.org/1999/xhtml" xml:lang="en" lang="en">
 <head>
  <title>
</title>
<meta http-equiv="Content-Type" content="text/html;charset=utf-8" />
  <meta name='ocr-system' content='tesseract 3.04.00' />
  <meta name='ocr-capabilities' content='ocr_page ocr_carea ocr_par ocr_line ocrx_word'/>
</head>
<body>
  <div class='ocr_page' id='page_1' title='image "./mnemosynevolume02verdgoog_0221.png"; bbox 0 0 3414 5158; ppageno 0'>
   <div class='ocr_carea' id='block_1_1' title="bbox 1402 366 2778 441">
    <p class='ocr_par' dir='ltr' id='par_1_1' title="bbox 1402 366 2778 441">
     <span class='ocr_line' id='line_1_1' title="bbox 1402 366 2778 441; baseline -0.001 -4"><span class='ocrx_word' id='word_1_1' title='bbox 1402 388 1729 441; x_wconf 79' lang='lat' dir='ltr'><strong>nemus.</strong></span> <span class='ocrx_word' id='word_1_2' title='bbox 1993 420 2000 426; x_wconf 77' lang='grc'><strong><em>.</em></strong></span> <span class='ocrx_word' id='word_1_3' title='bbox 2645 366 2778 435; x_wconf 85' lang='grc'><strong><em>209</em></strong></span> 
     </span>
    </p>
   </div>
   <div class='ocr_carea' id='block_1_2' title="bbox 388 554 2771 854">
    <p class='ocr_par' dir='ltr' id='par_1_2' title="bbox 388 554 2771 854">
     <span class='ocr_line' id='line_1_2' title="bbox 882 554 2321 637; baseline -0.001 -16"><span class='ocrx_word' id='word_1_4' title='bbox 882 558 1137 623; x_wconf 77' lang='grc' dir='ltr'><strong><em>αὐτίκ’</em></strong></span> <span class='ocrx_word' id='word_1_5' title='bbox 1186 555 1365 622; x_wconf 71' lang='grc' dir='ltr'><strong><em>ἰδόντ’</em></strong></span> <span class='ocrx_word' id='word_1_6' title='bbox 1418 554 1705 631; x_wconf 73' lang='grc' dir='ltr'><strong><em>Ὀδυσῆα</em></strong></span> <span class='ocrx_word' id='word_1_7' title='bbox 1758 556 1998 637; x_wconf 77' lang='grc' dir='ltr'><strong><em>ἐεικοςῷ</em></strong></span> <span class='ocrx_word' id='word_1_8' title='bbox 2050 555 2321 636; x_wconf 75' lang='grc' dir='ltr'><strong><em>ἐνιαυτῷ.</em></strong></span> 
     </span>
     <span class='ocr_line' id='line_1_3' title="bbox 393 656 2771 751; baseline -0.003 -20"><span class='ocrx_word' id='word_1_9' title='bbox 393 661 669 731; x_wconf 86' lang='lat' dir='ltr'><strong>Coniicit</strong></span> <span class='ocrx_word' id='word_1_10' title='bbox 708 662 1043 730; x_wconf 84' lang='lat' dir='ltr'><strong>Nauckius</strong></span> <span class='ocrx_word' id='word_1_11' title='bbox 1081 658 1257 728; x_wconf 84' lang='grc' dir='ltr'><strong><em>αὖθι·</em></strong></span> <span class='ocrx_word' id='word_1_12' title='bbox 1302 664 1599 751; x_wconf 82' lang='lat' dir='ltr'><strong>equidem</strong></span> <span class='ocrx_word' id='word_1_13' title='bbox 1638 663 1990 729; x_wconf 74' lang='lat' dir='ltr'><strong>incideram</strong></span> <span class='ocrx_word' id='word_1_14' title='bbox 2014 662 2080 726; x_wconf 90' lang='lat' dir='ltr'><strong>in</strong></span> <span class='ocrx_word' id='word_1_15' title='bbox 2123 656 2318 739; x_wconf 81' lang='grc' dir='ltr'><strong><em>ὦκα,</em></strong></span> <span class='ocrx_word' id='word_1_16' title='bbox 2361 659 2504 729; x_wconf 91' lang='lat' dir='ltr'><strong>coll.</strong></span> <span class='ocrx_word' id='word_1_17' title='bbox 2533 671 2577 726; x_wconf 88' lang='lat' dir='ltr'><strong>B</strong></span> <span class='ocrx_word' id='word_1_18' title='bbox 2605 660 2771 729; x_wconf 76' lang='lat'>244:</span> 
     </span>
     <span class='ocr_line' id='line_1_4' title="bbox 388 766 2327 854; baseline -0.001 -19"><span class='ocrx_word' id='word_1_19' title='bbox 388 771 472 850; x_wconf 70' lang='grc' dir='ltr'><strong><em>τῷ</em></strong></span> <span class='ocrx_word' id='word_1_20' title='bbox 526 772 579 834; x_wconf 76' lang='grc' dir='ltr'><strong><em>δ’</em></strong></span> <span class='ocrx_word' id='word_1_21' title='bbox 625 766 755 837; x_wconf 82' lang='grc' dir='ltr'><strong><em>ὦκα</em></strong></span> <span class='ocrx_word' id='word_1_22' title='bbox 806 771 1113 851; x_wconf 78' lang='grc' dir='ltr'><strong><em>παρίςατο</em></strong></span> <span class='ocrx_word' id='word_1_23' title='bbox 1164 770 1283 845; x_wconf 74' lang='grc' dir='ltr'><strong><em>δῖος</em></strong></span> <span class='ocrx_word' id='word_1_24' title='bbox 1339 770 1714 849; x_wconf 83' lang='grc' dir='ltr'><strong><em>Ὀδυσσεύς,</em></strong></span> <span class='ocrx_word' id='word_1_25' title='bbox 1763 768 1829 835; x_wconf 87' lang='lat' dir='ltr'><strong><em>h.</em></strong></span> <span class='ocrx_word' id='word_1_26' title='bbox 1857 790 1909 836; x_wconf 86' lang='lat' dir='ltr'><strong>e.</strong></span> <span class='ocrx_word' id='word_1_27' title='bbox 1961 768 2327 854; x_wconf 63' lang='lat' dir='ltr'><strong>necopinata</strong></span> 
     </span>
    </p>
   </div>
   <div class='ocr_carea' id='block_1_3' title="bbox 390 984 2782 1389">
    <p class='ocr_par' dir='ltr' id='par_1_3' title="bbox 390 984 2782 1389">
     <span class='ocr_line' id='line_1_5' title="bbox 480 984 2417 1171; baseline 0.001 -16"><span class='ocrx_word' id='word_1_28' title='bbox 480 1009 520 1051; x_wconf 62' lang='grc' dir='ltr'><strong><em>σ</em></strong></span> <span class='ocrx_word' id='word_1_29' title='bbox 567 984 690 1051; x_wconf 51' lang='grc'><strong><em>49.</em></strong></span> <span class='ocrx_word' id='word_1_30' title='bbox 762 1090 1015 1171; x_wconf 74' lang='grc' dir='ltr'><strong><em>πτωχὸν</em></strong></span> <span class='ocrx_word' id='word_1_31' title='bbox 1066 1088 1179 1155; x_wconf 80' lang='grc' dir='ltr'><strong><em>ἔσω</em></strong></span> <span class='ocrx_word' id='word_1_32' title='bbox 1228 1090 1567 1169; x_wconf 75' lang='grc' dir='ltr'><strong><em>μίσγεσθαι</em></strong></span> <span class='ocrx_word' id='word_1_33' title='bbox 1620 1088 1885 1167; x_wconf 74' lang='grc' dir='ltr'><strong><em>ἐάσομεν</em></strong></span> <span class='ocrx_word' id='word_1_34' title='bbox 1933 1091 2417 1166; x_wconf 71' lang='grc' dir='ltr'><strong><em>αἰτήσοντα.</em></strong></span> 
     </span>
     <span class='ocr_line' id='line_1_6' title="bbox 392 1194 2780 1285; baseline -0.001 -21"><span class='ocrx_word' id='word_1_35' title='bbox 392 1199 745 1264; x_wconf 77' lang='lat' dir='ltr'><strong>Mendicare</strong></span> <span class='ocrx_word' id='word_1_36' title='bbox 804 1198 871 1265; x_wconf 88' lang='lat' dir='ltr'><strong>in</strong></span> <span class='ocrx_word' id='word_1_37' title='bbox 923 1196 1205 1285; x_wconf 78' lang='lat' dir='ltr'><strong>Odyssea</strong></span> <span class='ocrx_word' id='word_1_38' title='bbox 1251 1200 1502 1283; x_wconf 85' lang='lat' dir='ltr'><strong>proprie</strong></span> <span class='ocrx_word' id='word_1_39' title='bbox 1550 1202 1650 1263; x_wconf 84' lang='lat' dir='ltr'><strong>est</strong></span> <span class='ocrx_word' id='word_1_40' title='bbox 1694 1197 1968 1279; x_wconf 77' lang='grc' dir='ltr'><strong><em>αἰτίζειν.</em></strong></span> <span class='ocrx_word' id='word_1_41' title='bbox 2063 1194 2234 1265; x_wconf 84' lang='lat' dir='ltr'><strong>Hinc</strong></span> <span class='ocrx_word' id='word_1_42' title='bbox 2282 1198 2780 1263; x_wconf 73' lang='grc' dir='ltr'><strong><em>αἱτίσσοντα</em></strong></span> 
     </span>
     <span class='ocr_line' id='line_1_7' title="bbox 390 1300 2782 1389; baseline 0 -20"><span class='ocrx_word' id='word_1_43' title='bbox 390 1303 656 1387; x_wconf 88' lang='lat' dir='ltr'><strong>malim,</strong></span> <span class='ocrx_word' id='word_1_44' title='bbox 698 1306 892 1369; x_wconf 79' lang='lat' dir='ltr'><strong>sicuti</strong></span> <span class='ocrx_word' id='word_1_45' title='bbox 931 1300 1209 1371; x_wconf 84' lang='lat' dir='ltr'><strong>Cobetus</strong></span> <span class='ocrx_word' id='word_1_46' title='bbox 1250 1304 1473 1368; x_wconf 79' lang='lat' dir='ltr'><strong>Mnem.</strong></span> <span class='ocrx_word' id='word_1_47' title='bbox 1517 1301 1643 1370; x_wconf 87' lang='lat' dir='ltr'><strong><em>XV</em></strong></span> <span class='ocrx_word' id='word_1_48' title='bbox 1684 1302 1817 1370; x_wconf 83' lang='grc'><strong><em>273</em></strong></span> <span class='ocrx_word' id='word_1_49' title='bbox 1850 1304 2270 1385; x_wconf 81' lang='grc' dir='ltr'><strong><em>κοπρίσσοντες</em></strong></span> <span class='ocrx_word' id='word_1_50' title='bbox 2293 1306 2545 1389; x_wconf 79' lang='lat' dir='ltr'><strong>scripsit</strong></span> <span class='ocrx_word' id='word_1_51' title='bbox 2565 1329 2596 1385; x_wconf 94' lang='grc' dir='ltr'><strong><em>ρ</em></strong></span> <span class='ocrx_word' id='word_1_52' title='bbox 2624 1302 2782 1370; x_wconf 88' lang='grc'><strong>299.</strong></span> 
     </span>
    </p>
   </div>
   <div class='ocr_carea' id='block_1_4' title="bbox 389 1513 2785 2239">
    <p class='ocr_par' dir='ltr' id='par_1_4' title="bbox 389 1513 2785 2239">
     <span class='ocr_line' id='line_1_8' title="bbox 477 1513 1463 1603; baseline -0.001 -23"><span class='ocrx_word' id='word_1_53' title='bbox 477 1539 515 1580; x_wconf 89' lang='grc' dir='ltr'><strong><em>σ</em></strong></span> <span class='ocrx_word' id='word_1_54' title='bbox 568 1513 697 1582; x_wconf 89' lang='grc'><strong><em>160</em></strong></span> <span class='ocrx_word' id='word_1_55' title='bbox 743 1514 1025 1603; x_wconf 81' lang='lat' dir='ltr'><strong>legimus</strong></span> <span class='ocrx_word' id='word_1_56' title='bbox 1075 1513 1463 1600; x_wconf 83' lang='lat' dir='ltr'><strong>Penelopam</strong></span> 
     </span>
     <span class='ocr_line' id='line_1_9' title="bbox 756 1616 2446 1703; baseline 0 -16"><span class='ocrx_word' id='word_1_57' title='bbox 756 1621 1128 1701; x_wconf 77' lang='grc' dir='ltr'><strong><em>μνήςήρεσσι</em></strong></span> <span class='ocrx_word' id='word_1_58' title='bbox 1178 1626 1489 1703; x_wconf 78' lang='grc' dir='ltr'><strong><em>φανῆναι,</em></strong></span> <span class='ocrx_word' id='word_1_59' title='bbox 1538 1616 1696 1696; x_wconf 76' lang='grc' dir='ltr'><strong><em>ὅπως</em></strong></span> <span class='ocrx_word' id='word_1_60' title='bbox 1748 1620 2150 1687; x_wconf 67' lang='grc' dir='ltr'><strong><em>πετάσειε</em></strong></span> <span class='ocrx_word' id='word_1_61' title='bbox 2196 1620 2446 1700; x_wconf 70' lang='grc' dir='ltr'><strong><em>μάλιςα</em></strong></span> 
     </span>
     <span class='ocr_line' id='line_1_10' title="bbox 755 1726 2102 1807; baseline 0.001 -16"><span class='ocrx_word' id='word_1_62' title='bbox 755 1728 941 1805; x_wconf 85' lang='grc' dir='ltr'><strong><em>θυμὸν</em></strong></span> <span class='ocrx_word' id='word_1_63' title='bbox 990 1727 1302 1806; x_wconf 76' lang='grc' dir='ltr'><strong><em>μνήςήρων</em></strong></span> <span class='ocrx_word' id='word_1_64' title='bbox 1352 1726 1438 1792; x_wconf 73' lang='grc' dir='ltr'><strong><em>ἰδὲ</em></strong></span> <span class='ocrx_word' id='word_1_65' title='bbox 1484 1728 1799 1805; x_wconf 89' lang='grc' dir='ltr'><strong><em>τιμήεσσα</em></strong></span> <span class='ocrx_word' id='word_1_66' title='bbox 1844 1727 2102 1807; x_wconf 76' lang='grc' dir='ltr'><strong><em>γένοιτο.</em></strong></span> 
     </span>
     <span class='ocr_line' id='line_1_11' title="bbox 392 1833 2783 1919; baseline 0 -20"><span class='ocrx_word' id='word_1_67' title='bbox 392 1833 521 1899; x_wconf 90' lang='lat' dir='ltr'><strong><em>Hic</em></strong></span> <span class='ocrx_word' id='word_1_68' title='bbox 580 1854 809 1919; x_wconf 86' lang='lat' dir='ltr'><strong>parum</strong></span> <span class='ocrx_word' id='word_1_69' title='bbox 872 1833 1205 1899; x_wconf 88' lang='lat' dir='ltr'><strong>commode</strong></span> <span class='ocrx_word' id='word_1_70' title='bbox 1272 1835 1575 1899; x_wconf 79' lang='lat' dir='ltr'><strong>scribitur</strong></span> <span class='ocrx_word' id='word_1_71' title='bbox 1637 1834 1970 1915; x_wconf 70' lang='grc' dir='ltr'><strong><em>πετάσειε,</em></strong></span> <span class='ocrx_word' id='word_1_72' title='bbox 2017 1835 2186 1900; x_wconf 88' lang='lat' dir='ltr'><strong>unde</strong></span> <span class='ocrx_word' id='word_1_73' title='bbox 2231 1834 2522 1901; x_wconf 86' lang='lat' dir='ltr'><strong>Nauckio</strong></span> <span class='ocrx_word' id='word_1_74' title='bbox 2569 1836 2783 1900; x_wconf 84' lang='lat' dir='ltr'><strong>arrisit</strong></span> 
     </span>
     <span class='ocr_line' id='line_1_12' title="bbox 396 1938 2785 2028; baseline 0.001 -24"><span class='ocrx_word' id='word_1_75' title='bbox 396 1940 562 2025; x_wconf 90' lang='lat' dir='ltr'><strong>quod</strong></span> <span class='ocrx_word' id='word_1_76' title='bbox 610 1942 679 2003; x_wconf 91' lang='lat' dir='ltr'><strong>in</strong></span> <span class='ocrx_word' id='word_1_77' title='bbox 726 1938 875 2004; x_wconf 87' lang='lat' dir='ltr'><strong>aliis</strong></span> <span class='ocrx_word' id='word_1_78' title='bbox 918 1938 1102 2004; x_wconf 88' lang='lat' dir='ltr'><strong>libris</strong></span> <span class='ocrx_word' id='word_1_79' title='bbox 1150 1944 1245 2005; x_wconf 88' lang='lat' dir='ltr'><strong>est</strong></span> <span class='ocrx_word' id='word_1_80' title='bbox 1294 1938 1543 2017; x_wconf 70' lang='grc' dir='ltr'><strong><em>θέλξειε.</em></strong></span> <span class='ocrx_word' id='word_1_81' title='bbox 1594 1940 1858 2007; x_wconf 81' lang='lat' dir='ltr'><strong>Utinam</strong></span> <span class='ocrx_word' id='word_1_82' title='bbox 1910 1941 2077 2027; x_wconf 88' lang='lat' dir='ltr'><strong>apud</strong></span> <span class='ocrx_word' id='word_1_83' title='bbox 2115 1941 2412 2028; x_wconf 84' lang='lat' dir='ltr'><strong>probatos</strong></span> <span class='ocrx_word' id='word_1_84' title='bbox 2450 1944 2785 2027; x_wconf 74' lang='lat' dir='ltr'><strong>scriptores</strong></span> 
     </span>
     <span class='ocr_line' id='line_1_13' title="bbox 389 2046 2784 2133; baseline 0.001 -22"><span class='ocrx_word' id='word_1_85' title='bbox 389 2048 684 2112; x_wconf 80' lang='lat' dir='ltr'><strong>invenire</strong></span> <span class='ocrx_word' id='word_1_86' title='bbox 752 2046 1099 2131; x_wconf 81' lang='lat' dir='ltr'><strong>potuissem</strong></span> <span class='ocrx_word' id='word_1_87' title='bbox 1162 2046 1436 2132; x_wconf 84' lang='lat' dir='ltr'><strong>simplex</strong></span> <span class='ocrx_word' id='word_1_88' title='bbox 1501 2048 1772 2115; x_wconf 80' lang='lat' dir='ltr'><strong>verbum</strong></span> <span class='ocrx_word' id='word_1_89' title='bbox 1831 2047 2070 2129; x_wconf 71' lang='grc' dir='ltr'><strong><em>ἐταζειν</em></strong></span> <span class='ocrx_word' id='word_1_90' title='bbox 2089 2071 2104 2088; x_wconf 86' lang='grc'><em>·</em></span> <span class='ocrx_word' id='word_1_91' title='bbox 2167 2068 2360 2133; x_wconf 89' lang='lat' dir='ltr'><strong>quam</strong></span> <span class='ocrx_word' id='word_1_92' title='bbox 2407 2048 2565 2113; x_wconf 87' lang='lat' dir='ltr'><strong>bene</strong></span> <span class='ocrx_word' id='word_1_93' title='bbox 2610 2049 2784 2113; x_wconf 88' lang='lat' dir='ltr'><strong>enim</strong></span> 
     </span>
     <span class='ocr_line' id='line_1_14' title="bbox 395 2150 2779 2239; baseline 0 -20"><span class='ocrx_word' id='word_1_94' title='bbox 395 2153 763 2219; x_wconf 79' lang='lat' dir='ltr'><strong>conveniret</strong></span> <span class='ocrx_word' id='word_1_95' title='bbox 810 2150 1163 2215; x_wconf 74' lang='grc' dir='ltr'><strong><em>ἐτασειε.</em></strong></span> <span class='ocrx_word' id='word_1_96' title='bbox 1226 2151 1404 2218; x_wconf 87' lang='lat' dir='ltr'><strong>Idem</strong></span> <span class='ocrx_word' id='word_1_97' title='bbox 1447 2154 1720 2219; x_wconf 84' lang='lat' dir='ltr'><strong>verbum</strong></span> <span class='ocrx_word' id='word_1_98' title='bbox 1767 2156 2139 2220; x_wconf 83' lang='lat' dir='ltr'><strong>restitutum</strong></span> <span class='ocrx_word' id='word_1_99' title='bbox 2187 2152 2312 2218; x_wconf 86' lang='lat' dir='ltr'><strong>fuit</strong></span> <span class='ocrx_word' id='word_1_100' title='bbox 2359 2152 2526 2239; x_wconf 90' lang='lat' dir='ltr'><strong>apud</strong></span> <span class='ocrx_word' id='word_1_101' title='bbox 2578 2150 2779 2219; x_wconf 87' lang='lat' dir='ltr'><strong>Hero·</strong></span> 
     </span>
    </p>
   </div>
   <div class='ocr_carea' id='block_1_5' title="bbox 392 2256 1780 2345">
    <p class='ocr_par' dir='ltr' id='par_1_5' title="bbox 392 2256 1780 2345">
     <span class='ocr_line' id='line_1_15' title="bbox 392 2256 1780 2345; baseline 0 -22"><span class='ocrx_word' id='word_1_102' title='bbox 392 2258 616 2325; x_wconf 87' lang='lat' dir='ltr'><strong>dotum</strong></span> <span class='ocrx_word' id='word_1_103' title='bbox 664 2256 773 2323; x_wconf 89' lang='grc' dir='ltr'><strong><em>ΠΙ</em></strong></span> <span class='ocrx_word' id='word_1_104' title='bbox 820 2256 905 2323; x_wconf 88' lang='grc'><strong><em>62</em></strong></span> <span class='ocrx_word' id='word_1_105' title='bbox 954 2278 1031 2323; x_wconf 86' lang='lat' dir='ltr'><strong>ex</strong></span> <span class='ocrx_word' id='word_1_106' title='bbox 1076 2258 1351 2324; x_wconf 87' lang='lat' dir='ltr'><strong>Antiatt.</strong></span> <span class='ocrx_word' id='word_1_107' title='bbox 1398 2280 1461 2345; x_wconf 91' lang='lat' dir='ltr'><strong><em>p.</em></strong></span> <span class='ocrx_word' id='word_1_108' title='bbox 1513 2257 1617 2324; x_wconf 88' lang='grc'><strong><em>96.</em></strong></span> <span class='ocrx_word' id='word_1_109' title='bbox 1670 2258 1780 2325; x_wconf 85' lang='grc'><strong><em>28.</em></strong></span> 
     </span>
    </p>
   </div>
   <div class='ocr_carea' id='block_1_6' title="bbox 396 2471 2485 3198">
    <p class='ocr_par' dir='ltr' id='par_1_6' title="bbox 396 2471 2485 3198">
     <span class='ocr_line' id='line_1_16' title="bbox 488 2471 745 2539; baseline 0 0"><span class='ocrx_word' id='word_1_110' title='bbox 488 2498 527 2539; x_wconf 90' lang='grc' dir='ltr'><strong><em>σ</em></strong></span> <span class='ocrx_word' id='word_1_111' title='bbox 576 2471 745 2539; x_wconf 80' lang='lat'><strong>223:</strong></span> 
     </span>
     <span class='ocr_line' id='line_1_17' title="bbox 757 2574 2261 2665; baseline 0 -21"><span class='ocrx_word' id='word_1_112' title='bbox 757 2575 873 2646; x_wconf 79' lang='grc' dir='ltr'><strong><em>οἷον</em></strong></span> <span class='ocrx_word' id='word_1_113' title='bbox 918 2581 988 2653; x_wconf 67' lang='grc' dir='ltr'><strong><em>δὴ</em></strong></span> <span class='ocrx_word' id='word_1_114' title='bbox 1038 2577 1173 2644; x_wconf 74' lang='grc' dir='ltr'><strong><em>τόδε</em></strong></span> <span class='ocrx_word' id='word_1_115' title='bbox 1224 2574 1396 2658; x_wconf 76' lang='grc' dir='ltr'><strong><em>ἔργον</em></strong></span> <span class='ocrx_word' id='word_1_116' title='bbox 1446 2576 1527 2658; x_wconf 72' lang='grc' dir='ltr'><strong><em>ἐνὶ</em></strong></span> <span class='ocrx_word' id='word_1_117' title='bbox 1576 2576 1940 2660; x_wconf 66' lang='grc' dir='ltr'><strong><em>μεγάροισιν</em></strong></span> <span class='ocrx_word' id='word_1_118' title='bbox 1989 2578 2261 2665; x_wconf 78' lang='grc' dir='ltr'><strong><em>ἐτύχθη,</em></strong></span> 
     </span>
     <span class='ocr_line' id='line_1_18' title="bbox 761 2678 2223 2762; baseline 0 -12"><span class='ocrx_word' id='word_1_119' title='bbox 761 2678 819 2760; x_wconf 79' lang='grc' dir='ltr'><strong><em>ὃς</em></strong></span> <span class='ocrx_word' id='word_1_120' title='bbox 872 2685 976 2750; x_wconf 81' lang='grc' dir='ltr'><strong><em>τὸν</em></strong></span> <span class='ocrx_word' id='word_1_121' title='bbox 1020 2683 1211 2760; x_wconf 73' lang='grc' dir='ltr'><strong><em>ξεῖνον</em></strong></span> <span class='ocrx_word' id='word_1_122' title='bbox 1259 2683 1453 2756; x_wconf 78' lang='grc' dir='ltr'><strong><em>ἔασας</em></strong></span> <span class='ocrx_word' id='word_1_123' title='bbox 1505 2685 1964 2762; x_wconf 69' lang='grc' dir='ltr'><strong><em>ἀεικισθήμεναι</em></strong></span> <span class='ocrx_word' id='word_1_124' title='bbox 2015 2684 2223 2760; x_wconf 78' lang='grc' dir='ltr'><strong><em>οὕτως.</em></strong></span> 
     </span>
     <span class='ocr_line' id='line_1_19' title="bbox 760 2787 2368 2874; baseline -0.001 -16"><span class='ocrx_word' id='word_1_125' title='bbox 760 2799 917 2866; x_wconf 82' lang='grc' dir='ltr'><strong><em>πῶς</em></strong></span> <span class='ocrx_word' id='word_1_126' title='bbox 968 2796 1103 2862; x_wconf 83' lang='grc' dir='ltr'><strong><em>νῦν.</em></strong></span> <span class='ocrx_word' id='word_1_127' title='bbox 1153 2791 1210 2857; x_wconf 69' lang='grc' dir='ltr'><strong><em>εἴ</em></strong></span> <span class='ocrx_word' id='word_1_128' title='bbox 1256 2813 1315 2854; x_wconf 89' lang='grc' dir='ltr'><strong><em>τι</em></strong></span> <span class='ocrx_word' id='word_1_129' title='bbox 1364 2787 1554 2866; x_wconf 75' lang='grc' dir='ltr'><strong><em>ξεῖνος</em></strong></span> <span class='ocrx_word' id='word_1_130' title='bbox 1603 2791 1667 2855; x_wconf 85' lang='grc' dir='ltr'><strong><em>ἐν</em></strong></span> <span class='ocrx_word' id='word_1_131' title='bbox 1715 2791 2056 2874; x_wconf 71' lang='grc' dir='ltr'><strong><em>ἡμετέροισι</em></strong></span> <span class='ocrx_word' id='word_1_132' title='bbox 2102 2789 2368 2870; x_wconf 78' lang='grc' dir='ltr'><strong><em>δόμοισιν</em></strong></span> 
     </span>
     <span class='ocr_line' id='line_1_20' title="bbox 760 2894 2286 2980; baseline -0.001 -16"><span class='ocrx_word' id='word_1_133' title='bbox 760 2897 975 2978; x_wconf 76' lang='grc' dir='ltr'><strong><em>ἥμενος</em></strong></span> <span class='ocrx_word' id='word_1_134' title='bbox 1026 2894 1136 2963; x_wconf 76' lang='grc' dir='ltr'><strong><em>ὦδε</em></strong></span> <span class='ocrx_word' id='word_1_135' title='bbox 1186 2895 1367 2962; x_wconf 70' lang='grc' dir='ltr'><strong><em>πάθοι</em></strong></span> <span class='ocrx_word' id='word_1_136' title='bbox 1414 2897 1752 2980; x_wconf 77' lang='grc' dir='ltr'><strong><em>ῥυςακτύος</em></strong></span> <span class='ocrx_word' id='word_1_137' title='bbox 1803 2897 1872 2974; x_wconf 73' lang='grc' dir='ltr'><strong><em>ἐξ</em></strong></span> <span class='ocrx_word' id='word_1_138' title='bbox 1920 2899 2286 2978; x_wconf 68' lang='grc' dir='ltr'><strong><em>ἄλεγεινῆςς</em></strong></span> 
     </span>
     <span class='ocr_line' id='line_1_21' title="bbox 758 2998 2485 3086; baseline 0.001 -18"><span class='ocrx_word' id='word_1_139' title='bbox 758 3005 853 3069; x_wconf 85' lang='grc' dir='ltr'><strong><em>σοι’</em></strong></span> <span class='ocrx_word' id='word_1_140' title='bbox 900 3007 956 3070; x_wconf 80' lang='grc' dir='ltr'><strong><em>κ’</em></strong></span> <span class='ocrx_word' id='word_1_141' title='bbox 1002 2998 1227 3086; x_wconf 80' lang='grc' dir='ltr'><strong><em>αἶσχος</em></strong></span> <span class='ocrx_word' id='word_1_142' title='bbox 1277 3003 1453 3083; x_wconf 80' lang='grc' dir='ltr'><strong><em>λώβη</em></strong></span> <span class='ocrx_word' id='word_1_143' title='bbox 1502 3028 1573 3069; x_wconf 89' lang='grc' dir='ltr'><strong><em>τε</em></strong></span> <span class='ocrx_word' id='word_1_144' title='bbox 1619 3006 1764 3085; x_wconf 90' lang='grc' dir='ltr'><strong><em>μετ’</em></strong></span> <span class='ocrx_word' id='word_1_145' title='bbox 1813 3003 2164 3086; x_wconf 69' lang='grc' dir='ltr'><strong><em>ἀνθρώποισι</em></strong></span> <span class='ocrx_word' id='word_1_146' title='bbox 2217 3003 2485 3070; x_wconf 77' lang='grc' dir='ltr'><strong><em>πέλοιτο.</em></strong></span> 
     </span>
     <span class='ocr_line' id='line_1_22' title="bbox 396 3110 2056 3198; baseline -0.001 -20"><span class='ocrx_word' id='word_1_147' title='bbox 396 3111 654 3178; x_wconf 83' lang='lat' dir='ltr'><strong>Mutata</strong></span> <span class='ocrx_word' id='word_1_148' title='bbox 701 3113 1209 3197; x_wconf 78' lang='lat' dir='ltr'><strong>interpunctione</strong></span> <span class='ocrx_word' id='word_1_149' title='bbox 1254 3110 1599 3198; x_wconf 80' lang='lat' dir='ltr'><strong>legendum</strong></span> <span class='ocrx_word' id='word_1_150' title='bbox 1648 3116 1745 3177; x_wconf 86' lang='lat' dir='ltr'><strong>est</strong></span> <span class='ocrx_word' id='word_1_151' title='bbox 1790 3114 1832 3176; x_wconf 78' lang='grc' dir='ltr'><strong><em>ὦ</em></strong></span> <span class='ocrx_word' id='word_1_152' title='bbox 1856 3134 1885 3183; x_wconf 79' lang='grc' dir='ltr'><em>ς</em></span> <span class='ocrx_word' id='word_1_153' title='bbox 1934 3116 2056 3177; x_wconf 77' lang='grc' dir='ltr'><strong><em>νῦν.</em></strong></span> 
     </span>
    </p>
   </div>
   <div class='ocr_carea' id='block_1_7' title="bbox 403 3324 2444 3625">
    <p class='ocr_par' dir='ltr' id='par_1_7' title="bbox 403 3324 2444 3625">
     <span class='ocr_line' id='line_1_23' title="bbox 488 3324 655 3392; baseline 0.012 -2"><span class='ocrx_word' id='word_1_154' title='bbox 488 3351 527 3390; x_wconf 90' lang='grc' dir='ltr'><strong><em>τ</em></strong></span> <span class='ocrx_word' id='word_1_155' title='bbox 577 3324 655 3392; x_wconf 81' lang='lat'><strong><em>7:</em></strong></span> 
     </span>
     <span class='ocr_line' id='line_1_24' title="bbox 756 3431 2444 3512; baseline 0.002 -16"><span class='ocrx_word' id='word_1_156' title='bbox 756 3431 823 3496; x_wconf 85' lang='grc' dir='ltr'><strong><em>ἐκ</em></strong></span> <span class='ocrx_word' id='word_1_157' title='bbox 870 3436 1104 3496; x_wconf 81' lang='grc' dir='ltr'><strong><em>καπνοῦ</em></strong></span> <span class='ocrx_word' id='word_1_158' title='bbox 1154 3431 1559 3512; x_wconf 79' lang='grc' dir='ltr'><strong><em>κατέθηκ’,</em></strong></span> <span class='ocrx_word' id='word_1_159' title='bbox 1608 3433 1740 3499; x_wconf 80' lang='grc' dir='ltr'><strong><em>ἐπεὶ</em></strong></span> <span class='ocrx_word' id='word_1_160' title='bbox 1790 3433 1987 3500; x_wconf 79' lang='grc' dir='ltr'><strong><em>οὐκέτι</em></strong></span> <span class='ocrx_word' id='word_1_161' title='bbox 2036 3443 2192 3501; x_wconf 81' lang='grc' dir='ltr'><strong><em>τοῖσι</em></strong></span> <span class='ocrx_word' id='word_1_162' title='bbox 2245 3435 2444 3501; x_wconf 80' lang='grc' dir='ltr'><strong><em>ἐοίκει.</em></strong></span> 
     </span>
     <span class='ocr_line' id='line_1_25' title="bbox 403 3537 2316 3625; baseline 0.002 -23"><span class='ocrx_word' id='word_1_163' title='bbox 403 3537 672 3604; x_wconf 86' lang='lat' dir='ltr'><strong>Difficile</strong></span> <span class='ocrx_word' id='word_1_164' title='bbox 720 3545 814 3604; x_wconf 88' lang='lat' dir='ltr'><strong>est</strong></span> <span class='ocrx_word' id='word_1_165' title='bbox 859 3559 982 3605; x_wconf 90' lang='lat' dir='ltr'><strong><em>non</em></strong></span> <span class='ocrx_word' id='word_1_166' title='bbox 1032 3540 1339 3625; x_wconf 82' lang='lat' dir='ltr'><strong>suspicari</strong></span> <span class='ocrx_word' id='word_1_167' title='bbox 1387 3560 1611 3606; x_wconf 81' lang='lat' dir='ltr'><strong>verum</strong></span> <span class='ocrx_word' id='word_1_168' title='bbox 1661 3561 1828 3606; x_wconf 85' lang='lat' dir='ltr'><strong>esse:</strong></span> <span class='ocrx_word' id='word_1_169' title='bbox 1881 3541 2231 3618; x_wconf 72' lang='grc' dir='ltr'><strong><em>μετίθηκ</em></strong></span> <span class='ocrx_word' id='word_1_170' title='bbox 2252 3566 2316 3606; x_wconf 90' lang='grc' dir='ltr'><strong><em>α.</em></strong></span> 
     </span>
    </p>
   </div>
   <div class='ocr_carea' id='block_1_8' title="bbox 401 3750 2511 4159">
    <p class='ocr_par' dir='ltr' id='par_1_8' title="bbox 401 3750 2511 4159">
     <span class='ocr_line' id='line_1_26' title="bbox 501 3750 2435 3940; baseline -0.001 -16"><span class='ocrx_word' id='word_1_171' title='bbox 501 3776 541 3817; x_wconf 75' lang='lat'><strong><em>‘¹&#39;</em></strong></span> <span class='ocrx_word' id='word_1_172' title='bbox 591 3750 961 3940; x_wconf 50' lang='lat' dir='ltr'><strong>138·cplip04</strong></span> <span class='ocrx_word' id='word_1_173' title='bbox 1013 3858 1126 3934; x_wconf 76' lang='grc' dir='ltr'><strong><em>μέν</em></strong></span> <span class='ocrx_word' id='word_1_174' title='bbox 1174 3881 1277 3936; x_wconf 92' lang='grc' dir='ltr'><strong><em>μοι</em></strong></span> <span class='ocrx_word' id='word_1_175' title='bbox 1327 3864 1559 3939; x_wconf 81' lang='grc' dir='ltr'><strong><em>πρῶτον</em></strong></span> <span class='ocrx_word' id='word_1_176' title='bbox 1604 3855 1922 3923; x_wconf 77' lang='grc' dir='ltr'><strong><em>ἐνέπνευσε</em></strong></span> <span class='ocrx_word' id='word_1_177' title='bbox 1969 3858 2148 3939; x_wconf 76' lang='grc' dir='ltr'><strong><em>Φρεσὶ</em></strong></span> <span class='ocrx_word' id='word_1_178' title='bbox 2199 3857 2435 3934; x_wconf 79' lang='grc' dir='ltr'><strong><em>δαίμων</em></strong></span> 
     </span>
     <span class='ocr_line' id='line_1_27' title="bbox 760 3961 2511 4046; baseline -0.001 -17"><span class='ocrx_word' id='word_1_179' title='bbox 760 3964 1184 4046; x_wconf 56' lang='grc' dir='ltr'><strong><em>κτησαμένη</em></strong></span> <span class='ocrx_word' id='word_1_180' title='bbox 1232 3963 1445 4042; x_wconf 73' lang='grc' dir='ltr'><strong><em>μέγαν</em></strong></span> <span class='ocrx_word' id='word_1_181' title='bbox 1492 3963 1621 4032; x_wconf 73' lang='grc' dir='ltr'><strong><em>ίςόν</em></strong></span> <span class='ocrx_word' id='word_1_182' title='bbox 1670 3963 1752 4028; x_wconf 81' lang='grc' dir='ltr'><strong><em>ἐν)</em></strong></span> <span class='ocrx_word' id='word_1_183' title='bbox 1802 3961 2162 4045; x_wconf 73' lang='grc' dir='ltr'><strong><em>μεγάροισιν</em></strong></span> <span class='ocrx_word' id='word_1_184' title='bbox 2211 3965 2511 4046; x_wconf 72' lang='grc' dir='ltr'><strong><em>ὑφαίνειν.</em></strong></span> 
     </span>
     <span class='ocr_line' id='line_1_28' title="bbox 401 4067 1988 4159; baseline -0.003 -21"><span class='ocrx_word' id='word_1_185' title='bbox 401 4070 609 4159; x_wconf 83' lang='lat' dir='ltr'><strong>Lege:</strong></span> <span class='ocrx_word' id='word_1_186' title='bbox 656 4071 1153 4148; x_wconf 73' lang='grc' dir='ltr'><strong><em>σησαμένην.</em></strong></span> <span class='ocrx_word' id='word_1_187' title='bbox 1205 4067 1303 4137; x_wconf 84' lang='lat' dir='ltr'><strong><em>Cf.</em></strong></span> <span class='ocrx_word' id='word_1_188' title='bbox 1355 4070 1474 4152; x_wconf 83' lang='lat' dir='ltr'><strong><em>Qu.</em></strong></span> <span class='ocrx_word' id='word_1_189' title='bbox 1522 4071 1720 4137; x_wconf 90' lang='lat' dir='ltr'><strong>Hom.</strong></span> <span class='ocrx_word' id='word_1_190' title='bbox 1767 4091 1831 4156; x_wconf 89' lang='lat' dir='ltr'><strong><em>p.</em></strong></span> <span class='ocrx_word' id='word_1_191' title='bbox 1881 4069 1988 4135; x_wconf 85' lang='lat'><strong><em>90.</em></strong></span> 
     </span>
    </p>
   </div>
   <div class='ocr_carea' id='block_1_9' title="bbox 494 4283 2506 4674">
    <p class='ocr_par' dir='ltr' id='par_1_9' title="bbox 494 4283 2506 4674">
     <span class='ocr_line' id='line_1_29' title="bbox 494 4283 1671 4374; baseline -0.001 -24"><span class='ocrx_word' id='word_1_192' title='bbox 494 4283 589 4352; x_wconf 85' lang='lat' dir='ltr'><strong>De</strong></span> <span class='ocrx_word' id='word_1_193' title='bbox 634 4283 1016 4352; x_wconf 78' lang='lat' dir='ltr'><strong>Telemacho</strong></span> <span class='ocrx_word' id='word_1_194' title='bbox 1065 4283 1347 4374; x_wconf 78' lang='lat' dir='ltr'><strong>legimus</strong></span> <span class='ocrx_word' id='word_1_195' title='bbox 1394 4291 1451 4366; x_wconf 84' lang='grc' dir='ltr'><em>Φ</em></span> <span class='ocrx_word' id='word_1_196' title='bbox 1506 4283 1671 4352; x_wconf 84' lang='lat'>12¹7:</span> 
     </span>
     <span class='ocr_line' id='line_1_30' title="bbox 769 4389 2390 4474; baseline 0.001 -18"><span class='ocrx_word' id='word_1_197' title='bbox 769 4392 894 4472; x_wconf 76' lang='grc' dir='ltr'><strong><em>τρὶς</em></strong></span> <span class='ocrx_word' id='word_1_198' title='bbox 946 4389 1062 4468; x_wconf 79' lang='grc' dir='ltr'><strong><em>μέν</em></strong></span> <span class='ocrx_word' id='word_1_199' title='bbox 1108 4413 1213 4470; x_wconf 87' lang='grc' dir='ltr'><strong><em>μιν</em></strong></span> <span class='ocrx_word' id='word_1_200' title='bbox 1262 4389 1567 4470; x_wconf 73' lang='grc' dir='ltr'><strong><em>πελέμιξε</em></strong></span> <span class='ocrx_word' id='word_1_201' title='bbox 1615 4391 1972 4472; x_wconf 78' lang='grc' dir='ltr'><strong><em>ἐρύσσεσθαι</em></strong></span> <span class='ocrx_word' id='word_1_202' title='bbox 2023 4394 2390 4474; x_wconf 74' lang='grc' dir='ltr'><strong><em>μενεαίνων,</em></strong></span> 
     </span>
     <span class='ocr_line' id='line_1_31' title="bbox 766 4497 2440 4584; baseline 0.002 -20"><span class='ocrx_word' id='word_1_203' title='bbox 766 4499 892 4581; x_wconf 72' lang='grc' dir='ltr'><strong><em>τρὶς</em></strong></span> <span class='ocrx_word' id='word_1_204' title='bbox 941 4497 1005 4566; x_wconf 78' lang='grc' dir='ltr'><strong><em>δὲ</em></strong></span> <span class='ocrx_word' id='word_1_205' title='bbox 1054 4497 1282 4576; x_wconf 79' lang='grc' dir='ltr'><strong><em>μεθῆκε</em></strong></span> <span class='ocrx_word' id='word_1_206' title='bbox 1330 4499 1517 4578; x_wconf 77' lang='grc' dir='ltr'><strong><em>βίης,</em></strong></span> <span class='ocrx_word' id='word_1_207' title='bbox 1567 4501 2008 4578; x_wconf 78' lang='grc' dir='ltr'><strong><em>ἐπιελπόμενος</em></strong></span> <span class='ocrx_word' id='word_1_208' title='bbox 2055 4502 2207 4581; x_wconf 73' lang='grc' dir='ltr'><strong><em>τόγε</em></strong></span> <span class='ocrx_word' id='word_1_209' title='bbox 2255 4503 2440 4584; x_wconf 76' lang='grc' dir='ltr'><strong><em>θυμῷ.</em></strong></span> 
     </span>
     <span class='ocr_line' id='line_1_32' title="bbox 2443 4625 2506 4674; baseline 0 0"><span class='ocrx_word' id='word_1_210' title='bbox 2443 4625 2506 4674; x_wconf 79' lang='lat'><strong><em>14</em></strong></span> 
     </span>
    </p>
   </div>
  </div>
 </body>
</html>
