3414 5158
1464 404 1706 454 monac.
2656 378 2788 449 287

402 573 752 658 disputatio
811 592 992 638 mea:
1062 592 1254 651 „over
1299 571 1377 637 de
1423 568 1956 657 oorspronkelijlre
2003 560 2487 657 samenstelling
2530 566 2641 633 der
2686 586 2788 633 co-

401 680 592 745 mitia
639 677 1090 765 centuriata”).

489 996 682 1064 Levis
749 1018 852 1063 res
909 1002 1006 1063 est
1063 997 1484 1081 orthomaphia
1543 994 1697 1062 adeo
1715 1043 1734 1074 ,
1794 1001 1871 1061 ut
1932 997 1989 1061 is
2051 997 2161 1082 qui
2218 998 2406 1061 anxia
2452 994 2791 1084 diligentia

400 1122 537 1169 eam
584 1101 868 1189 exploret
910 1124 1103 1189 seque
1147 1106 1214 1168 in
1265 1123 1338 1169 eo
1384 1123 1615 1191 genere
1655 1104 1869 1179 iactet,
1909 1101 2221 1168 molestus
2259 1102 2557 1168 videatur
2594 1108 2661 1167 et
2692 1104 2787 1166 in·

400 1213 612 1295 eptus;
661 1228 776 1275 nec
821 1214 1038 1276 tamen
1081 1208 1508 1297 neglegenda,
1559 1210 1617 1273 si
1655 1228 1803 1274 vere
1842 1209 2075 1293 scripta
2092 1256 2107 1285 ,
2153 1207 2369 1293 qualia
2404 1209 2484 1273 ab
2508 1210 2790 1294 antiquis

396 1315 806 1403 legebantur,
869 1321 1336 1401 repraesentare
1402 1314 1700 1381 velimus.
1797 1314 1923 1379 Sed
1986 1314 2265 1379 nimium
2320 1316 2381 1379 ei
2428 1315 2789 1379 tribuerunt

399 1420 612 1485 Maius
682 1422 917 1506 quique
985 1442 1134 1487 eum
1207 1424 1408 1487 secuti
1469 1425 1620 1486 sunt
1687 1440 1889 1505 usque
1952 1420 2033 1485 ad
2092 1418 2421 1485 Osannum
2440 1467 2457 1497 ,
2508 1420 2663 1485 dum
2710 1440 2789 1485 ex

401 1526 854 1613 orthographia
899 1533 1174 1593 aetatem
1223 1527 1458 1593 codicis
1503 1526 1582 1592 de
1627 1524 1983 1611 Republica
2028 1530 2320 1591 accurate
2366 1524 2625 1592 definire
2656 1532 2789 1591 stu·

400 1630 572 1697 dent.
663 1630 923 1698 Scilicet
1006 1636 1253 1717 quoties
1321 1635 1634 1698 rationem
1705 1631 2021 1697 scribendi
2090 1630 2681 1699 animadvertebant
2750 1651 2789 1697 a

398 1756 692 1821 perversa
751 1740 1116 1803 recentioris
1175 1740 1402 1803 aetatis
1461 1737 1915 1803 consuetudine
1976 1737 2293 1804 diversam
2310 1786 2328 1820 ‚
2396 1737 2576 1803 illam
2626 1738 2791 1802 anti-

400 1845 689 1928 quiorem
739 1848 1044 1929 tanquam
1091 1845 1462 1910 abnormem
1511 1845 1854 1921 notabant,
1903 1846 2167 1929 eiusque
2212 1847 2489 1910 aetatem
2530 1840 2789 1909 definire

369 1950 823 2037 'conabantur3
887 1950 996 2015 sed
1055 1952 1271 2036 potius
1331 1956 1518 2016 vetus
1575 1950 1692 2016 illa
1758 1970 1873 2036 pro
1934 1968 2159 2015 norma
2218 1949 2438 2015 haberi
2484 1948 2779 2026 debebat3

399 2055 825 2141 quaerendum
896 2063 1066 2134 erat,
1138 2054 1386 2142 quando
1449 2076 1646 2142 prava
1703 2058 2017 2122 recentior
2076 2057 2239 2120 ratio
2285 2074 2324 2120 a
2365 2053 2591 2143 regula
2636 2075 2789 2121 vera

399 2163 738 2248 migrasset
783 2164 1032 2248 potius,
1081 2182 1274 2249 quam
1317 2162 1681 2228 mirandum
1720 2164 1772 2227 si
1809 2166 2062 2228 vetusta
2098 2159 2491 2247 exemplaria
2529 2162 2596 2225 in
2635 2180 2791 2227 non·

395 2265 594 2331 nullis
641 2267 1036 2335 dissiderent.
1084 2268 1270 2344 Quod
1315 2270 1372 2333 si
1408 2270 1518 2354 qui
1560 2274 1709 2333 sunt
1728 2316 1745 2351 ,
1784 2269 1891 2352 qui
1931 2268 2353 2333 constantiam
2378 2266 2785 2333 librariorum

403 2378 688 2438 veterum
752 2374 1106 2439 desiderent
1167 2380 1232 2439 et
1293 2375 1704 2447 contendant.
1774 2380 2019 2439 certum
2068 2393 2261 2437 usum
2309 2373 2625 2439 scribendi
2672 2378 2786 2439 aut

398 2496 521 2543 non
569 2478 858 2544 extitisse
903 2484 1015 2545 aut
1054 2498 1178 2543 non
1215 2500 1398 2563 posse
1435 2499 1602 2543 nunc
1640 2480 1979 2557 constitui,
2020 2483 2319 2563 reputent
2342 2478 2564 2563 velim,
2588 2500 2779 2564 quam

398 2585 636 2650 incerto
683 2585 943 2650 tibicine
989 2589 1276 2651 nitantur
1321 2586 1532 2651 multa
1577 2589 1644 2649 in
1683 2585 2083 2673 etymolog-ia
2101 2634 2117 2659 ‚
2159 2605 2321 2669 quae
2358 2589 2571 2652 tamen
2609 2589 2782 2652 iusta

399 2711 549 2756 cura
595 2691 902 2757 adhibitis
947 2693 1174 2776 copiis,
1223 2711 1380 2776 quas
1425 2691 1608 2756 Fam.
1657 2689 1845 2758 Num}
1890 2689 2129 2776 aliique
2175 2689 2395 2756 sedulo
2450 2709 2782 2778 congesse-

396 2804 648 2876 serunt,
697 2799 1124 2883 exquirimus,
1175 2803 1648 2882 perscrutamur
1667 2847 1686 2880 ,
1731 2799 2203 2884 investigamus
2220 2814 2235 2873 ;
2286 2797 2659 2882 inspiciant,
2708 2803 2785 2861 ut

394 2903 514 2969 hoc
561 2909 740 2979 utar,
788 2902 1082 2969 libellum
1131 2923 1394 2970 aureum
1446 2903 1555 2969 sed
1601 2923 1817 2967 rarum
1864 2900 2059 2968 cheul
2101 2922 2293 2989 quem
2334 2901 2780 2968 Fleckeisenus

395 3011 618 3075 multis
675 3015 822 3076 ante
877 3013 1058 3076 annis
1119 3010 1196 3075 de
1260 3030 1333 3076 eo
1395 3014 1773 3098 argumento
1835 3009 2087 3094 scripsit
2133 3008 2481 3095 (,‚Fiinfzig·
2525 3006 2779 3074 Artikel

395 3137 505 3180 zur
543 3113 1192 3205 Rechtschreibung”)
1215 3165 1232 3200 ,
1279 3119 1632 3200 sciantque,
1685 3117 1807 3180 etsi
1852 3117 1921 3179 in
1969 3113 2197 3180 multis
2239 3112 2569 3181 vocabulis
2612 3115 2780 3180 ratio

397 3227 568 3287 certa
611 3241 736 3286 non
781 3221 968 3286 facile
1015 3227 1346 3307 appareat,
1398 3227 1613 3288 tamen
1660 3220 1961 3308 pleraque
2006 3223 2160 3287 satis
2206 3227 2507 3286 constare.

488 3325 774 3392 Osannus
832 3328 1044 3392 nescio
1103 3329 1257 3412 quid
1311 3327 1630 3413 peculiare
1673 3327 2040 3395 inveniebat
2085 3330 2151 3392 in
2197 3327 2559 3393 confusione
2603 3325 2779 3393 litte·

392 3451 606 3498 rarum
667 3450 706 3496 n
769 3437 834 3496 et
893 3449 973 3508 v,
1037 3453 1198 3517 quae
1259 3435 1510 3520 saepius
1567 3435 1635 3498 in
1695 3434 2111 3519 palimpsesto
2155 3439 2371 3499 nostro
2415 3435 2775 3510 invenitur,

390 3539 661 3623 indeque
726 3537 1048 3604 saeculum
1073 3588 1090 3623 ,
1161 3558 1286 3623 quo
1356 3543 1628 3624 scriptus
1679 3545 1879 3614 esset,
1930 3538 2190 3606 definire
2235 3539 2615 3616 cenabat-un
2665 3537 2775 3604 sed

387 3647 680 3730 apparuit
735 3644 904 3710 hunc
951 3665 1030 3710 ex
1077 3646 1588 3731 pronuntiatione
1633 3651 1858 3710 natum
1907 3664 2181 3710 errorem
2232 3663 2356 3710 non
2402 3663 2537 3710 esse
2584 3645 2775 3710 unius

385 3749 642 3816 saeculi.
714 3749 1072 3815 Intuerentur
1141 3751 1372 3838 fragm.
1431 3749 1573 3816 Vat.
1631 3749 1923 3816 Sallustii
1986 3748 2105 3816 col.
2178 3749 2239 3833 1,
2303 3748 2349 3815 l.
2400 3749 2510 3826 10,
2570 3750 2779 3814 devere

389 3853 592 3923 Gaius
649 3855 767 3922 IV.
825 3854 977 3933 114,
1024 3876 1088 3941 p.
1147 3855 1276 3922 115
1321 3854 1634 3933 Studem„
1691 3854 1918 3934 „valde
1964 3855 2145 3920 habeo
2190 3853 2385 3922 scire’'
2430 3853 2567 3921 Oic.
2620 3853 2775 3921 Act.

386 3960 566 4027 Verr.
609 3961 642 4026 1
692 3963 773 4026 lo
820 3965 886 4027 in
934 3961 1254 4046 Termes„
1302 3965 1412 4048 qui
1460 3983 1631 4029 error
1677 3961 2261 4046 frequentissimus,
2319 3962 2461 4025 baro
2478 4009 2495 4036 ‚
2542 3961 2735 4026 olibae
2752 4009 2769 4037 ,

385 4067 568 4132 obibit
633 4069 731 4153 (=
759 4069 988 4151 obivit)
1055 4066 1327 4155 Vergilii
1387 4087 1554 4133 unus
1609 4073 1723 4134 aut
1769 4065 1983 4152 plures
2030 4068 2425 4133 vetutissimi
2471 4065 2609 4132 Ecl.
2655 4065 2771 4132 lx.

385 4171 497 4259 26,
551 4171 789 4261 Georg.
842 4173 922 4238 11.
975 4173 1037 4258 3,
1086 4173 1248 4239 Aen.
1299 4173 1412 4239 VI.
1457 4173 1610 4252 802,
1659 4173 2024 4249 diver-neret,
2075 4193 2289 4250 verva,
2336 4195 2581 4238 acervus
2632 4175 2774 4257 (pro

385 4280 654 4358 acerbus)
674 4329 694 4364 ,
739 4280 1004 4344 morvida
1049 4287 1115 4345 et
1154 4279 1364 4345 multa
1401 4279 1528 4346 alia
1568 4282 1635 4344 in
1675 4278 2091 4345 Leidensibus
2126 4277 2406 4344 Lucretii
2447 4279 2527 4344 cf.
2570 4279 2772 4346 Lach-

380 4407 578 4452 mann
637 4382 727 4450 11¹
793 4385 878 4452 30
944 4392 1008 4453 et
1069 4383 1178 4452 8¹7.
1249 4385 1330 4450 In
1388 4385 1808 4452 Ambrosiano
1856 4404 1959 4470 ap.
2006 4383 2259 4471 Peyron
2306 4405 2365 4469 p.
2417 4381 2503 4448 48
2551 4383 2669 4451 col.
2730 4385 2765 4450 1

330 4548 345 4554 -
379 4493 513 4570 inf„
579 4513 693 4581 pro
757 4491 928 4558 Tull.
993 4491 1076 4558 21
1145 4497 1290 4578 post
1352 4508 1478 4558 8131
1523 4490 1761 4558 excidit
1806 4509 1875 4558 vl
1920 4497 1985 4558 et
2029 4494 2097 4558 in
2144 4489 2519 4560 'l‘aurinensi
2566 4511 2625 4580 p.
2680 4489 2768 4558 52
