3414 5158
455 1163 1481 1254 ANIMADVERSIONES
1539 1165 1689 1255 AD
1745 1163 2146 1255 POETAS
2205 1163 2708 1255 GRAECOS.

1438 1404 1721 1454 semem·

1122 1599 1208 1664 H.
1260 1599 1437 1666 VAN
1480 1597 2064 1666 HERWERDEN.

1569 2141 1776 2210 Ῑ..

1303 2342 1391 2390 ΔΙ)
1439 2340 1870 2390 wnoemnm.

483 2531 559 2599 V.
612 2532 697 2601 19
744 2534 1037 2614 Κύρνε,
1087 2533 1461 2617 σοφιζομένῳ
1510 2536 1640 2601 κτὲ.

486 2639 801 2707 Omnibus
866 2647 1021 2706 nota
1088 2646 1185 2706 est
1252 2639 1586 2707 Welokeri
1650 2643 1928 2727 suspicio
1946 2689 1964 2720 ,
2031 2662 2222 2727 quam
2269 2664 2472 2730 nuper
2513 2646 2583 2709 in
2631 2664 2784 2711 suae

392 2746 691 2812 editionis
736 2746 1183 2835 Theognideae
1226 2745 1699 2837 prolegomenis
1737 2768 1887 2839 pag.
1926 2745 2013 2815 29
2055 2747 2390 2834 amplexus
2414 2755 2510 2815 est
2534 2749 2783 2831 Sitzler,

390 2874 623 2919 nomen
669 2852 873 2934 κύρνος
922 2874 1048 2919 non
1098 2874 1233 2920 esse
1279 2856 1609 2940 proprium
1630 2900 1647 2932 ,
1697 2854 1808 2920 sed
1853 2853 2318 2941 appellativum
2335 2904 2356 2941 ,
2403 2856 2570 2941 quod
2613 2856 2781 2922 deri-

388 2963 616 3025 vatum
662 2978 701 3025 a
744 2959 1055 3027 vocabulo
1104 2963 1275 3039 κῦρος
1296 3006 1315 3040 ,
1360 2964 1438 3025 ut
1483 2958 1685 3033 κεδνδς
1715 2980 1788 3015 =
1815 2959 1992 3036 κῆδος
2033 2957 2195 3042 ἔχων
2216 3008 2233 3039 ,
2274 2960 2478 3036 κυδνός
2507 2990 2580 3026 .-
2608 2964 2784 3039 κῦδος

389 3061 591 3146 ἔχων,
662 3064 887 3148 ψυδνδς
926 3086 1005 3121 =
1042 3067 1266 3147 ψεῦδος
1332 3061 1527 3151 ἔχων,
1590 3064 1822 3141 κλεινός
1866 3086 1940 3123 -·-·
1983 3065 2158 3139 κλέος
2221 3064 2418 3151 ἔχων,
2465 3068 2788 3158 signifieet

386 3192 665 3235 summam
714 3177 1063 3256 potestatem
1124 3179 1325 3237 tenens
1343 3218 1362 3250 ‚
1426 3171 1698 3237 dominus
1716 3221 1735 3257 ,
1791 3173 2029 3238 nobilis.
2100 3170 2268 3240 Cum
2315 3179 2532 3241 tamen
2578 3195 2784 3262 neque

387 3297 515 3343 vox
574 3274 965 3362 appellativa
985 3327 1001 3353 ,
1076 3279 1197 3343 etsi
1265 3281 1435 3343 reete
1502 3278 1777 3345 formata
1849 3279 2067 3365 (modo
2081 3325 2101 3364 ,
2171 3280 2340 3365 quod
2411 3281 2614 3348 faeere
2683 3280 2786 3347 illi

388 3382 812 3471 neglexerunt
826 3432 840 3457 ,
905 3388 1185 3450 eorreeto
1232 3387 1495 3449 accentu
1543 3382 1622 3449 ad
1670 3384 2037 3471 analogiam
2085 3383 2290 3467 κυρνός
2339 3386 2786 3473 rescripseris),

387 3509 660 3575 usquam
705 3495 952 3575 reperta
996 3491 1085 3555 sit
1101 3539 1120 3566 ,
1168 3509 1371 3575 neque
1418 3489 1626 3577 igitur
1679 3490 1924 3557 nobiles
1979 3491 2382 3580 Megarenses
2437 3494 2528 3558 sie
2569 3492 2785 3579 appel·

388 3594 554 3662 latos
601 3615 735 3661 esse
780 3597 1060 3661 sciamus
1084 3644 1100 3673 ,
1151 3595 1260 3661 sed
1305 3599 1521 3661 eontra
1560 3614 1705 3661 nom
1715 3594 1792 3660 e'n
1833 3596 2162 3682 proprium
2205 3596 2423 3679 Κύρνος
2443 3646 2460 3677 ,
2487 3596 2786 3665 Herculis

392 3697 541 3777 filii,
618 3705 827 3767 exstet
898 3701 1068 3787 apud
1134 3700 1541 3767 Herodotum
1608 3696 1692 3767 VI
1743 3700 1873 3767 109
1893 3748 1910 3779 ,
1970 3702 2364 3787 probabilius
2427 3707 2788 3771 statuemus

389 3825 624 3872 nomen
670 3806 837 3873 illud
881 3827 951 3873 re
998 3828 1149 3875 vera
1192 3809 1263 3873 in
1304 3827 1426 3873 usu
1466 3808 1661 3873 fuisse
1702 3805 1872 3893 apud
1911 3805 2321 3895 Megarenses
2358 3810 2425 3875 in
2464 3808 2784 3877 nobilium

392 3910 659 3978 familiis
706 3918 771 3979 et
814 3918 1069 3999 poetam
1118 3914 1197 3981 de
1240 3913 1553 3980 industria
1568 3958 1587 3989 ‚
1633 3914 1772 3981 sive
1819 3933 2042 3979 verum
2091 3915 2228 3981 sive
2287 3914 2512 3982 fiotum
2575 3915 2784 3983 adole-

392 4023 675 4084 scentem
722 4018 1085 4104 alloquatur
1096 4066 1117 4099 ,
1156 4023 1413 4105 propter
1450 4018 1623 4085 haud
1671 4018 2004 4085 obscuram
2051 4019 2328 4087 nominis
2376 4018 2786 4109 significatio·

395 4144 547 4191 nem
611 4124 731 4191 hae
792 4126 1203 4210 potissimum
1262 4123 1750 4210 compellatione
1808 4144 2003 4191 usum
2063 4145 2196 4193 esse
2213 4174 2232 4211 ,
2281 4127 2402 4193 sub
2449 4147 2576 4214 qua
2619 4128 2786 4214 opti-

392 4231 671 4297 matium
733 4232 940 4296 menti
995 4234 1061 4295 et
1107 4229 1368 4295 auribus
1415 4234 1747 4317 praesepta
1795 4250 1911 4297 sua
1954 4230 2217 4317 politioa
2265 4237 2331 4299 et
2375 4233 2646 4300 moralia
2687 4232 2784 4299 in-

392 4336 689 4405 stillaret.
786 4336 883 4402 Ut
951 4355 1100 4404 vero
1166 4336 1383 4422 potius
1448 4334 1672 4403 fiotum
1734 4356 1928 4423 quam
1991 4357 2218 4405 verum
2280 4358 2514 4407 nomen
2563 4338 2782 4422 Κύρνος

393 4464 529 4513 esse
591 4442 844 4509 credam
904 4441 1059 4508 facit
1116 4461 1343 4507 nomen
1403 4444 1919 4530 patronymioum
1987 4444 2389 4520 Πολυπαιΐδης
2408 4492 2426 4524 ,
2489 4445 2658 4532 quod
2703 4442 2803 4513 ad*
