3414 5158
1454 401 1698 458 monuo.
2635 381 2768 449 399

470 573 877 664 Peragrapho
904 574 1013 640 -15
1060 574 1343 642 desidero
1396 594 1638 658 „neque
1684 575 1856 638 enim
1908 574 2096 657 pauci
2133 593 2338 658 neque
2372 570 2548 666 leves
2585 579 2766 652 sunt,

382 683 493 768 qui
552 702 621 748 se
681 682 808 749 duo
854 682 1017 748 soles
1062 681 1297 747 vidisse
1345 679 1616 758 dieunt”,
1666 679 1984 765 siquidem
2032 681 2190 745 certi
2234 679 2528 746 homines
2572 680 2770 768 signi·-

381 786 653 854 ficent-ur
700 789 777 872 (ii
819 790 933 872 qui
976 779 1363 864 contendunt
1409 807 1475 853 se
1523 785 1685 852 soles
1729 785 1992 872 vidisse)
2055 786 2134 852 de
2179 787 2412 871 quibus
2452 786 2770 852 iudicium

380 896 807 979 interponitur
870 895 1015 978 (non
1062 906 1210 959 sunt
1257 895 1442 978 pauci
1486 898 1553 957 et
1596 891 1820 979 leves).
1913 892 2276 960 Sententia:
2333 896 2512 960 visne
2564 893 2772 961 videe-

381 1021 529 1066 mus
590 1001 711 1066 hoc
773 1002 1053 1085 primum
1076 1049 1093 1084 ‚
1156 999 1323 1085 quod
1368 998 1628 1085 quidam
1678 1000 1960 1065 referunt
2005 1021 2072 1065 se
2120 999 2246 1066 duo
2291 999 2456 1066 soles
2500 999 2770 1078 vidisse,

380 1125 533 1175 nem
578 1125 705 1172 non
752 1112 902 1171 sunt
946 1105 1393 1172 contemnendi
1439 1104 1558 1171 illi.
1653 1104 1861 1171 Paulo
1907 1111 2050 1191 post
2093 1107 2130 1190 ξ
2182 1105 2266 1172 16
2313 1107 2484 1172 med.
2527 1107 2774 1174 omium

375 1235 517 1294 ,σενα
562 1214 781 1278 minus
824 1217 995 1278 reete
1040 1211 1289 1278 dietum
1340 1215 1436 1277 est
1480 1231 1675 1297 quem
1721 1213 2067 1295 adiungere.
2106 1218 2114 1225 '

480 1422 587 1488 17.
638 1425 756 1503 ,,Ρ.
807 1423 1097 1490 Rutilius
1146 1460 1228 1473 —
1281 1426 1399 1511 qui·
1440 1407 1537 1492 est
1581 1425 1767 1492 nobis
1811 1428 2016 1492 lautus
2059 1429 2368 1494 sermonis
2415 1427 2693 1494 auctor&

476 1528 846 1599 Coniioiunt
907 1533 1033 1598 viri
1094 1532 1265 1598 docti
1327 1533 1613 1597 laudam
1626 1581 1641 1612 ‚
1710 1533 1914 1611 baim,
1981 1534 2186 1598 totius.
2281 1533 2370 1599 Et
2410 1535 2592 1598 buius
2637 1536 2777 1620 qui·

386 1638 530 1705 dem
588 1641 907 1727 optimum
956 1637 1039 1704 ed
1083 1640 1487 1718 sententiam,
1534 1638 1645 1705 sed
1690 1642 1854 1706 ratio
1899 1639 2293 1725 corruptelae
2339 1641 2408 1706 in
2453 1646 2590 1707 tam
2614 1642 2772 1706 sim·-

385 1745 541 1832 plici
606 1747 887 1812 oratione
944 1765 1017 1811 eo
1056 1766 1195 1810 non
1242 1744 1598 1833 explicatur
1614 1795 1631 1830 ‚
1682 1744 1928 1832 aliquid
1989 1746 2242 1813 excidit.
2341 1747 2772 1832 Aptissimum

385 1851 633 1919 iudico:
698 1853 1074 1930 „luculentus
1136 1854 1443 1918 sermonis
1487 1851 1756 1917 uuetof'.
1849 1851 1952 1918 Ad
1991 1854 2128 1918 Att.
2175 1853 2261 1918 X.
2316 1851 2425 1920 12.
2473 1851 2552 1919 2:
2605 1872 2772 1932 „non

378 1955 593 2026 credo.
640 1948 809 2026 Utut
858 1963 955 2025 est
972 2005 989 2037 ,
1037 1957 1405 2025 luculentus
1452 1956 1731 2024 auctor.”
1779 1955 2010 2025 Codd.:
2061 1963 2180 2038 „ut
2227 1959 2389 2026 est'’.

485 2171 588 2240 18.
636 2171 709 2240 C.
754 2169 1037 2240 Fannius
1080 2176 1147 2239 et
1192 2171 1265 2253 Q.
1314 2171 1651 2252 Scaevola,
1698 2175 1919 2262 generi
1963 2171 2168 2240 Laelii
2213 2172 2513 2241 dicuntur
2561 2173 2776 2252 „docti

324 2292 331 2298 '
390 2279 823 2348 adulescentes
892 2285 957 2344 et
1023 2281 1159 2344 iem
1228 2283 1434 2346 aetate
1503 2279 1908 2365 quaestorii”.
2001 2279 2120 2348 Est
2179 2278 2482 2347 Scaevola
2528 2299 2738 2366 augur
2754 2327 2774 2363 ,

393 2388 505 2470 qui
551 2389 803 2471 praetor
844 2386 973 2449 fuit
1018 2405 1075 2450 a.
1130 2383 1251 2449 121
1278 2434 1297 2469 ,
1343 2388 1561 2471 itaque
1606 2406 1679 2452 eo
1728 2405 1890 2452 enno
1927 2406 2050 2471 quo
2087 2407 2294 2452 sermo
2325 2386 2404 2450 de
2426 2406 2494 2451 re
2514 2385 2776 2472 publice

392 2491 652 2556 habitus
674 2487 944 2577 fingitur
969 2488 1159 2576 (129)
1175 2537 1192 2569 ,
1218 2492 1275 2555 si
1298 2511 1415 2556 suo
1438 2511 1601 2558 anno
1624 2496 1874 2577 praetor
1895 2495 1994 2558 est
2013 2492 2222 2558 fectus
2237 2539 2255 2570 ,
2283 2512 2477 2558 annos
2499 2491 2774 2556 habebat

396 2596 503 2664 32.
597 2594 671 2663 G.
730 2596 1013 2663 Fannius
1058 2597 1265 2663 maior
1308 2602 1517 2663 aetate
1564 2604 1699 2665 eret
1748 2618 1942 2683 quum
1989 2598 2150 2664 alter
2194 2618 2390 2685 gener
2434 2597 2737 2664 Scaevola
2757 2643 2774 2675 ‚

392 2706 453 2771 ei
514 2708 733 2771 tamen
777 2724 816 2770 a
858 2702 1077 2770 Laelio
1120 2703 1527 2788 posthabitus
1546 2751 1565 2784 ‚
1610 2708 1685 2769 ut
1729 2710 1943 2771 narrat
1987 2702 2122 2771 Cic.
2171 2704 2356 2772 Brut.
2409 2703 2576 2782 1013
2622 2723 2776 2791 ergo

393 2809 673 2896 amplius
721 2808 809 2878 32
861 2829 1057 2876 annos
1102 2809 1379 2877 habebat
1423 2816 1566 2876 tum
1616 2832 1766 2878 eum
1816 2832 2026 2877 sermo
2063 2811 2324 2877 habitus
2361 2816 2458 2877 est
2481 2812 2562 2898 (a.
2595 2808 2775 2897 129).

390 2916 802 3006 Intellegitur
844 2916 995 2983 hinc
1038 2937 1165 2984 non
1210 2921 1419 2984 aetate
1464 2920 1822 3003 quaestoria
1865 2919 2062 2985 fuisse
2107 2938 2212 2984 eos
2275 2917 2374 3003 (ut
2417 2917 2665 2983 Piderit
2687 2918 2780 2981 -in

390 3024 521 3091 ind.
594 3024 674 3092 ed
744 3023 1023 3091 Brutum
1096 3026 1419 3111 opinatur)
1486 3026 1597 3092 sed
1648 3030 2005 3117 ⁴quaestura
2069 3026 2204 3091 iem
2272 3026 2562 3111 functos3
2610 3023 2778 3110 quod

394 3150 541 3197 cum
611 3132 709 3196 ite
772 3134 883 3216 sit,
950 3152 1089 3197 voe.
1136 3140 1333 3197 aetate
1372 3131 1714 3213 redundat3
1768 3134 1892 3199 nisi
1937 3152 2086 3200 vero
2132 3152 2337 3197 unum
2384 3152 2462 3198 ex
2505 3131 2610 3197 his
2652 3149 2780 3196 non

392 3256 611 3323 reapse
658 3236 771 3302 sed
816 3241 1025 3303 aetate
1064 3240 1495 3321 quaestorium
1544 3239 1782 3305 credim
1791 3259 1862 3305 us
1909 3237 2302 3325 appellatum
2327 3286 2343 3314 ,
2393 3258 2542 3303 eum
2584 3256 2778 3322 quae-

396 3347 573 3409 stura
618 3341 903 3437 nondum
948 3342 1205 3408 functus
1253 3349 1437 3421 esset,
1486 3365 1598 3430 per
1642 3350 1921 3411 aetutem
1961 3351 2178 3411 tamen
2223 3345 2410 3433 fungi
2449 3346 2776 3429 potuisset.

393 3449 471 3516 Id
532 3452 743 3537 potuit
800 3450 871 3514 in
935 3447 1240 3517 Scaevola
1310 3448 1465 3517 fieri.
1520 3488 1599 3501 —-
1652 3448 1954 3518 Ceterum
2013 3452 2092 3518 de
2151 3452 2410 3518 Fanniis
2475 3452 2782 3536 discepta-

396 3562 504 3623 tur
553 3561 809 3642 propter
854 3554 1068 3622 locum
1119 3555 1307 3621 Bruti
1356 3554 1442 3622 99
1492 3560 1557 3622 et
1602 3556 1682 3622 ed
1729 3558 1866 3623 Att.
1912 3556 2066 3622 XII.
2116 3558 2179 3635 5,
2230 3559 2294 3621 3.
2365 3554 2586 3624 Cicero
2624 3555 2784 3621 duos

399 3660 471 3729 G.
536 3664 811 3729 Fannios
858 3659 930 3729 O.
982 3668 1045 3729 et
1090 3662 1180 3727 M.
1222 3660 1387 3729 filios
1432 3663 1814 3750 distinguit,
1873 3684 1952 3729 ex
1998 3663 2229 3749 quibus
2277 3660 2348 3730 O.
2381 3664 2592 3747 flbium
2641 3648 2784 3728 con-

398 3768 607 3837 sulem
669 3790 818 3835 cum
878 3765 993 3848 Gn.
1044 3768 1329 3835 Domitio
1376 3774 1442 3835 αθ
1493 3768 1621 3835 122
1668 3769 1870 3836 fuisse
1915 3768 2106 3847 dicit;
2153 3771 2222 3834 in
2268 3788 2391 3853 quo
2437 3788 2644 3835 errare
2687 3768 2784 3834 vi·

399 3876 621 3961 detur,
666 3874 841 3961 quod
888 3876 1045 3940 satis
1090 3880 1337 3942 constat
1382 3874 1639 3942 aliunde
1686 3896 1770 3941 eo-
1805 3896 1967 3942 anno
2016 3872 2128 3955 „Q
2180 3874 2500 3941 Fannium
2544 3872 2642 3939 M.
2674 3873 2782 3957 fil.

402 3980 591 4049 Gos.”
662 3982 891 4061 fuisse;
965 3981 1023 4048 is
1068 3980 1191 4070 (M.
1258 3979 1374 4063 fil.)
1422 3987 1518 4049 est
1561 4002 1757 4071 gener
1807 3980 2013 4048 Laelii
2059 3981 2166 4069 (ef.
2215 3980 2398 4047 Brut.
2451 3977 2628 4064 101),
2677 3976 2788 4045 sed

401 4089 481 4155 ab
526 4088 827 4155 historico
872 4089 1113 4157 Fannio
1161 4088 1653 4177 distinguendus
1672 4138 1691 4164 ,
1741 4090 1798 4153 si
1844 4086 2186 4155 auctoritas
2233 4088 2302 4152 in
2346 4087 2535 4153 rebus
2581 4086 2786 4151 histo-

400 4198 551 4262 ricis
598 4198 803 4262 maior
848 4202 944 4261 est
986 4193 1206 4261 Attico
1249 4193 1359 4283 (ef.
1407 4195 1488 4262 ad
1532 4194 1675 4261 Att.
1725 4194 1771 4261 1.
1811 4194 1888 4277 1.)
1932 4215 2126 4280 quam
2152 4191 2442 4261 Ciceroni
2465 4197 2530 4258 et
2551 4190 2752 4258 Bruto

403 4322 554 4368 nem
618 4308 981 4387 postremus
1039 4304 1107 4367 in
1170 4304 1448 4388 epitome
1507 4300 1979 4368 Fannianorum
2025 4302 2095 4366 in
2141 4304 2425 4367 extremo
2470 4299 2548 4366 de
2593 4299 2788 4384 scrip-

402 4413 539 4476 tore
598 4410 803 4495 operis
856 4413 1164 4495 tunquam
1224 4428 1457 4496 genero
1516 4407 1724 4475 Laelii
1777 4406 2032 4475 locutus
2078 4411 2232 4474 eret.
2322 4406 2466 4473 Hoc
2507 4408 2574 4473 et
2619 4404 2786 4472 Hor-

402 4517 609 4585 tensio
677 4514 1043 4583 auctoribus
1090 4512 1309 4583 Oicero
1356 4516 1425 4580 in
1469 4511 1675 4582 Bruto
1720 4514 1765 4582 1.
1815 4514 1862 4581 1.
1910 4515 1987 4583 de
2033 4513 2235 4582 Laelii
2280 4533 2514 4602 genero
2555 4510 2646 4581 M.
2695 4509 2784 4583 fil.
