3414 5158
617 318 748 390 376
1661 341 1950 392 mcx-rus.

609 507 786 575 Haec
847 508 1022 574 enim
1077 508 1495 595 praetorianis
1557 509 1861 578 obiecisse
1924 510 2276 576 Antonium
2323 511 2539 596 potius
2584 508 3003 578 crediderim:

609 613 880 682 “tantam
939 615 1370 702 ignominiam
1416 617 1827 682 contraxistis
1874 623 1952 681 ut
2001 619 2133 682 iam
2182 614 2262 682 ad
2308 616 2647 703 fastigium
2701 616 3003 702 perducta

609 726 676 788 et
735 718 1064 787 cumulata
1123 721 1245 799 sit,
1317 741 1522 806 neque
1577 720 1716 789 ullo
1763 721 2037 789 facinore
2086 742 2320 810 augere
2367 721 2549 788 illam
2573 769 2590 800 ,
2640 721 2749 790 sed
2795 725 3003 788 morte

638 834 864 895 antum
911 829 1164 914 expiare
1211 827 1502 912 possitis².
1574 827 1873 895 Tacitum
1926 829 2135 916 igitur
2178 830 2505 915 scripsisse
2552 830 2795 895 conicio
2838 834 3001 911 iquo-

610 936 848 1002 minium
909 939 1526 1000 consummastis.
1621 935 1779 1000 Fere
1844 933 2069 1001 eodem
2134 934 2324 1001 modo
2370 933 2612 1001 milites
2656 937 2723 1000 in
2769 939 3001 1000 castro-

635 1063 750 1107 um
813 1043 1287 1129 oppugnatione
1351 1040 1711 1107 laborantes
1772 1039 2111 1108 clamitant
2156 1040 2302 1127 (111.
2354 1039 2502 1120 84):
2552 1041 2855 1127 quicquid
2904 1045 3001 1106 tot

602 1147 863 1234 proeliis
922 1146 1155 1213 laboris
1219 1167 1294 1213 ao
1355 1147 1625 1233 periculi
1685 1148 2049 1213 hausissent
2069 1195 2085 1226 ,
2137 1168 2323 1234 opere
2364 1146 2478 1214 illo
2528 1149 2957 1214 consummari
2976 1194 2999 1232 ,

696 1275 747 1321 e.
811 1252 1136 1320 laboribus
1193 1274 1267 1320 ao
1330 1252 1630 1339 periculis
1674 1255 1808 1320 iam
1862 1253 2197 1320 exhaustis
2241 1275 2403 1340 opus
2448 1252 2617 1322 illud
2663 1257 2999 1339 tamquam

639 1359 942 1426 umulum
997 1358 1312 1426 accedam.

693 1573 817 1641 III.
889 1571 977 1639 65
1045 1573 1306 1640 Flavius
1365 1574 1618 1638 Sabinus
1679 1581 1872 1639 aetate
1926 1572 2098 1658 prior
2152 1572 2413 1656 privatis
2476 1579 2785 1660 utriusque
2828 1575 3001 1640 rebus

606 1681 962 1748 auctoritate
1009 1681 1382 1766 pecuniaque
1454 1679 1515 1745 V
1505 1685 1881 1764 eepaeianum
1945 1679 2211 1745 anteibat
2230 1728 2248 1764 ,
2296 1687 2355 1746 et
2400 1681 2747 1745 credebatur
2788 1682 3001 1766 adfec-

627 1812 724 1853 am
766 1792 896 1853 eius
923 1788 1116 1870 fidem
1148 1809 1397 1870 parce
1438 1785 1753 1852 iuvisse
1798 1787 1961 1852 domo
2009 1789 2285 1872 ayt-{sque
2316 1786 2567 1869 piqnori
2621 1791 2895 1871 acceptis.

693 1892 998 1961 Halmius
1047 1915 1234 1976 parce
1301 1892 1526 1958 iuvisse
1600 1890 1779 1958 dedit
1848 1912 1961 1978 pro
2031 1912 2105 1958 eo
2124 1940 2145 1977 ,
2190 1890 2359 1976 quod
2408 1891 2479 1957 M
2526 1892 2757 1971 habet,
2805 1915 2997 1976 prae-

625 2007 844 2066 uuicse.
935 1998 1171 2067 Malim
1228 2020 1483 2082 prave
1550 1999 1869 2063 iuvisse
1935 2001 1981 2063 i.
2028 2018 2082 2063 e.
2152 1996 2364 2082 male,
2420 2018 2793 2084 perperam,
2857 2018 2996 2084 per·

599 2125 817 2184 verse;
880 2104 958 2170 cf.
1009 2103 1176 2169 Ann.
1225 2102 1282 2169 1.
1337 2102 1424 2169 53
1442 2153 1459 2188 ,
1509 2104 1622 2169 ubi
1671 2101 2085 2189 Sempronius
2134 2101 2469 2171 Gracchus
2515 2103 2712 2170 fuisse
2760 2104 2995 2172 dicitur

603 2231 796 2297 prave
843 2209 1174 2276 facundus.

686 2423 798 2492 IV.
855 2421 944 2490 22
989 2425 1272 2488 adver-m
1316 2424 1426 2487 kas
1470 2422 2053 2488 concurrentis
2100 2421 2244 2488 boui
2281 2422 2473 2487 minae
2496 2424 2679 2505 ἱεραῖς·
2700 2423 2995 2506 leqionum

596 2532 852 2597 Mnasias
912 2531 1218 2615 Impercm
1280 2537 1338 2596 et
1379 2528 1700 2595 Numicius
1750 2529 1966 2615 Rufus
2012 2529 2237 2595 vallum
2281 2551 2589 2616 murosque
2614 2529 2993 2615 firmabant.

685 2638 953 2704 Frustra
1017 2636 1353 2705 desudasse
1420 2635 1690 2702 editores
1761 2636 1926 2711 mihi
1990 2635 2290 2703 videntur
2349 2637 2421 2700 in
2467 2657 2537 2703 v.
2588 2637 2993 2703 concurrentis

593 2743 1079 2831 interpretando
1177 2742 1321 2809 Nisi
1391 2740 1579 2808 fallor
1625 2740 1896 2808 Tacitus
1914 2788 1931 2819 ,
1980 2746 2046 2807 et
2090 2741 2197 2807 hic
2244 2740 2601 2828 Virgilium
2650 2744 2953 2809 imitatus
2970 2792 2989 2829 ‚

591 2852 848 2936 scripsit
905 2848 1478 2931 consurqentia
1523 2847 1664 2911 belli
1705 2847 1922 2913 minas.
2026 2844 2125 2913 Of.
2171 2847 2331 2913 Aen.
2380 2846 2569 2915 VIII.
2625 2844 2794 2915 637:
2840 2849 2990 2915 sub-

591 2956 810 3043 itoque
858 2978 1098 3024 novum
1148 2974 1524 3043 consurgere
1569 2951 1832 3019 bellum.

679 3169 798 3236 IV.
861 3168 948 3235 49
1007 3174 1272 3234 centurio
1319 3192 1358 3233 a
1409 3167 1694 3233 Muciano
1741 3167 1957 3232 missus
2006 3174 2073 3232 ut
2113 3174 2350 3252 portum
2402 3167 2798 3253 Karthaqinis
2842 3177 2987 3235 atti-

581 3277 710 3359 9ίι,
751 3296 1119 3357 mayrcavoce
1141 3276 1301 3339 laeta
1323 3274 2981 3359 Pisoniominatamquampriactspicontinuare,

481 3418 490 3429 ·
589 3384 782 3448 obvios
851 3389 907 3446 et
974 3381 1206 3446 subitae
1250 3381 1343 3446 rei
1405 3381 1692 3445 miraculo
1758 3380 2045 3446 attonitos
2064 3428 2080 3457 ‚
2152 3388 2223 3447 ut
2284 3382 2481 3447 eadem
2540 3384 2979 3468 adstreperent,

587 3490 838 3554 hortari.
1211 3474 1216 3478 ’

676 3594 762 3661 Et
841 3595 944 3661 hic
1021 3593 1234 3661 oleum
1297 3599 1362 3661 et
1426 3614 1704 3681 ‚operam
1766 3593 2175 3680 perdiderunt
2240 3596 2613 3683 interpretes
2635 3648 2653 3676 ,
2726 3601 2837 3683 qui
2904 3619 2983 3665 ex

586 3701 936 3766 continuare
997 3699 1396 3767 tolerabilem
1457 3703 1842 3767 sententiam
1900 3698 2129 3766 elisere
2191 3702 2397 3769 conati
2446 3706 2615 3769 sunt.
2712 3702 2947 3771 Omnia
2962 3754 2980 3781 ,

585 3809 841 3891 opinor,
905 3824 1054 3872 sana
1115 3811 1336 3884 erunt,
1401 3808 1457 3872 si
1521 3808 1807 3891 primum
1878 3805 2121 3872 abiecto
2186 3812 2415 3885 omina,
2466 3807 2633 3894 quod
2684 3806 2981 3876 Acidalio

585 3911 886 3987 debetur,
934 3914 1294 3977 restituitur
1337 3911 1442 3990 id,
1491 3910 1657 3997 quod
1701 3910 1780 3977 M
1820 3910 2032 3987 habet,
2089 3926 2187 3977 oia
2233 3912 2272 3976 i.
2303 3933 2357 3978 e.
2406 3914 2663 3979 omnia
2684 3964 2702 3994 ‚
2754 3914 2981 3983 deinde

583 4036 696 4102 pro
752 4018 1100 4082 continuare
1159 4016 1402 4103 legitur
1465 4017 1850 4095 ominari,
1914 4018 2081 4102 quod
2147 4019 2411 4084 verbum
2460 4021 2529 4084 in
2576 4018 2694 4087 tali
2741 4040 2811 4087 re
2856 4021 2979 4089 sol-

578 4120 791 4187 lemne
849 4128 964 4187 est.
1063 4120 1160 4188 Of.
1229 4122 1372 4191 Liv.
1437 4121 1684 4189 XXVI.
1754 4122 1870 4189 18:
1938 4126 2003 4188 in
2056 4144 2247 4209 quem
2296 4130 2633 4211 postquam
2680 4128 2975 4193 omnium

581 4246 690 4293 ora
757 4247 1060 4296 eonversa
1129 4233 1305 4312 sunt,
1388 4227 1663 4294 clamore
1737 4249 1809 4294 ac
1879 4228 2093 4295 favore
2138 4230 2409 4297 ominati
2454 4230 2779 4319 extemplo
2826 4239 2977 4299 sunt

580 4330 746 4397 felix·
781 4332 1190 4419 faustumque
1236 4334 1582 4419 imperium
1599 4353 1616 4413 ;
1665 4332 1835 4399 Plin.
1886 4332 1998 4419 Ep.
2052 4333 2163 4401 IV.
2223 4334 2326 4401 15.
2380 4336 2456 4402 5:
2507 4342 2803 4423 optamus
2852 4338 2973 4404 tibi

579 4440 1065 4525 ominamurque
1103 4442 1170 4505 in
1217 4441 1584 4527 proximum
1629 4459 1871 4507 annum
1920 4440 2364 4522 consulatum;
2416 4440 2594 4510 Suet.
2650 4442 2819 4510 Nero
2847 4442 2970 4511 48:
