<?xml version="1.0" encoding="UTF-8"?>
<!DOCTYPE html PUBLIC "-//W3C//DTD XHTML 1.0 Transitional//EN"
    "http://www.w3.org/TR/xhtml1/DTD/xhtml1-transitional.dtd">
<html xmlns="http://www.w3.org/1999/xhtml" xml:lang="en" lang="en">
 <head>
  <title>
</title>
<meta http-equiv="Content-Type" content="text/html;charset=utf-8" />
  <meta name='ocr-system' content='tesseract 3.04.00' />
  <meta name='ocr-capabilities' content='ocr_page ocr_carea ocr_par ocr_line ocrx_word'/>
</head>
<body>
  <div class='ocr_page' id='page_1' title='image "./mnemosynevolume02verdgoog_0046.png"; bbox 0 0 3414 5158; ppageno 0'>
   <div class='ocr_carea' id='block_1_1' title="bbox 659 317 2031 383">
    <p class='ocr_par' dir='ltr' id='par_1_1' title="bbox 659 317 2031 383">
     <span class='ocr_line' id='line_1_1' title="bbox 659 317 2031 383; baseline -0.002 0"><span class='ocrx_word' id='word_1_1' title='bbox 659 317 745 383; x_wconf 84' lang='lat'><strong>38</strong></span> <span class='ocrx_word' id='word_1_2' title='bbox 1670 334 2031 383; x_wconf 69' lang='lat' dir='ltr'><strong>mmmm.</strong></span> 
     </span>
    </p>
   </div>
   <div class='ocr_carea' id='block_1_2' title="bbox 655 493 3044 2045">
    <p class='ocr_par' dir='ltr' id='par_1_2' title="bbox 655 493 3044 2045">
     <span class='ocr_line' id='line_1_2' title="bbox 659 493 3040 582; baseline 0 -19"><span class='ocrx_word' id='word_1_3' title='bbox 659 498 801 575; x_wconf 80' lang='grc' dir='ltr'><strong><em>ὑμῖν</em></strong></span> <span class='ocrx_word' id='word_1_4' title='bbox 847 498 960 573; x_wconf 78' lang='grc' dir='ltr'><strong>μὲν</strong></span> <span class='ocrx_word' id='word_1_5' title='bbox 1008 496 1121 561; x_wconf 76' lang='grc' dir='ltr'><strong><em>θεοὶ</em></strong></span> <span class='ocrx_word' id='word_1_6' title='bbox 1173 496 1324 561; x_wconf 75' lang='grc' dir='ltr'><strong><em>δοῖεν</em></strong></span> <span class='ocrx_word' id='word_1_7' title='bbox 1371 494 1662 573; x_wconf 71' lang='grc' dir='ltr'><strong><em>ἐκπέρσαι</em></strong></span> <span class='ocrx_word' id='word_1_8' title='bbox 1712 495 2005 576; x_wconf 72' lang='grc' dir='ltr'><strong><em>Πριάμοιο</em></strong></span> <span class='ocrx_word' id='word_1_9' title='bbox 2054 493 2266 579; x_wconf 83' lang='grc' dir='ltr'><strong><em>πόλιν,</em></strong></span> <span class='ocrx_word' id='word_1_10' title='bbox 2314 496 2423 561; x_wconf 87' lang='lat' dir='ltr'><strong>sed</strong></span> <span class='ocrx_word' id='word_1_11' title='bbox 2471 499 2539 562; x_wconf 89' lang='lat' dir='ltr'><strong>in</strong></span> <span class='ocrx_word' id='word_1_12' title='bbox 2588 498 2847 561; x_wconf 66' lang='lat' dir='ltr'><strong>eecrmda</strong></span> <span class='ocrx_word' id='word_1_13' title='bbox 2892 518 3040 582; x_wconf 82' lang='lat' dir='ltr'><strong>per-</strong></span> 
     </span>
     <span class='ocr_line' id='line_1_3' title="bbox 657 601 3041 689; baseline -0.001 -19"><span class='ocrx_word' id='word_1_14' title='bbox 657 624 806 670; x_wconf 87' lang='lat' dir='ltr'><strong>sona</strong></span> <span class='ocrx_word' id='word_1_15' title='bbox 851 605 1271 688; x_wconf 78' lang='lat' dir='ltr'><strong>imperativus</strong></span> <span class='ocrx_word' id='word_1_16' title='bbox 1317 604 1612 687; x_wconf 84' lang='lat' dir='ltr'><strong>ponitur,</strong></span> <span class='ocrx_word' id='word_1_17' title='bbox 1663 602 1869 669; x_wconf 82' lang='lat' dir='ltr'><strong>veluti</strong></span> <span class='ocrx_word' id='word_1_18' title='bbox 1911 602 2171 689; x_wconf 84' lang='lat' dir='ltr'><strong>Olymp.</strong></span> <span class='ocrx_word' id='word_1_19' title='bbox 2213 601 2301 665; x_wconf 90' lang='lat' dir='ltr'><strong>VI</strong></span> <span class='ocrx_word' id='word_1_20' title='bbox 2348 601 2509 666; x_wconf 78' lang='lat'>104:</span> <span class='ocrx_word' id='word_1_21' title='bbox 2556 603 2729 667; x_wconf 79' lang='grc' dir='ltr'><strong><em>εὐθὺν</em></strong></span> <span class='ocrx_word' id='word_1_22' title='bbox 2769 602 2831 667; x_wconf 74' lang='grc' dir='ltr'><strong>δὲ</strong></span> <span class='ocrx_word' id='word_1_23' title='bbox 2856 601 3041 667; x_wconf 78' lang='grc' dir='ltr'><strong><em>πλόον</em></strong></span> 
     </span>
     <span class='ocr_line' id='line_1_4' title="bbox 657 704 3038 795; baseline -0 -21"><span class='ocrx_word' id='word_1_24' title='bbox 657 710 957 785; x_wconf 73' lang='grc' dir='ltr'><strong><em>καμάτων</em></strong></span> <span class='ocrx_word' id='word_1_25' title='bbox 1015 708 1189 781; x_wconf 78' lang='grc' dir='ltr'><strong><em>ἐκτὸς</em></strong></span> <span class='ocrx_word' id='word_1_26' title='bbox 1255 709 1435 773; x_wconf 81' lang='grc' dir='ltr'><strong><em>ἐόντα</em></strong></span> <span class='ocrx_word' id='word_1_27' title='bbox 1497 709 1674 785; x_wconf 73' lang='grc' dir='ltr'><strong><em>δίδοι,</em></strong></span> <span class='ocrx_word' id='word_1_28' title='bbox 1728 708 1829 775; x_wconf 85' lang='lat' dir='ltr'><strong>vel</strong></span> <span class='ocrx_word' id='word_1_29' title='bbox 1879 708 2139 795; x_wconf 83' lang='lat' dir='ltr'><strong>Olymp.</strong></span> <span class='ocrx_word' id='word_1_30' title='bbox 2191 708 2317 773; x_wconf 90' lang='lat' dir='ltr'><strong>VII</strong></span> <span class='ocrx_word' id='word_1_31' title='bbox 2369 707 2491 772; x_wconf 85' lang='lat'><strong>88:</strong></span> <span class='ocrx_word' id='word_1_32' title='bbox 2544 704 2585 772; x_wconf 82' lang='grc' dir='ltr'><em>ὦ</em></span> <span class='ocrx_word' id='word_1_33' title='bbox 2636 713 2756 775; x_wconf 86' lang='grc' dir='ltr'><strong>Ζεῦ</strong></span> <span class='ocrx_word' id='word_1_34' title='bbox 2805 708 3038 788; x_wconf 69' lang='grc' dir='ltr'><strong><em>πάτερ,</em></strong></span> 
     </span>
     <span class='ocr_line' id='line_1_5' title="bbox 656 812 3039 900; baseline -0.001 -20"><span class='ocrx_word' id='word_1_35' title='bbox 656 817 819 893; x_wconf 86' lang='grc' dir='ltr'><strong><em>τίμα</em></strong></span> <span class='ocrx_word' id='word_1_36' title='bbox 875 816 987 891; x_wconf 76' lang='grc' dir='ltr'><strong>μὲν</strong></span> <span class='ocrx_word' id='word_1_37' title='bbox 1039 812 1223 893; x_wconf 78' lang='grc' dir='ltr'><strong><em>ὕμνου</em></strong></span> <span class='ocrx_word' id='word_1_38' title='bbox 1272 813 1527 899; x_wconf 79' lang='grc' dir='ltr'><strong><em>τεθμόν,</em></strong></span> <span class='ocrx_word' id='word_1_39' title='bbox 1573 815 1678 881; x_wconf 76' lang='lat' dir='ltr'><strong>‘vel</strong></span> <span class='ocrx_word' id='word_1_40' title='bbox 1730 813 1990 900; x_wconf 83' lang='lat' dir='ltr'><strong>Olymp.</strong></span> <span class='ocrx_word' id='word_1_41' title='bbox 2038 814 2197 879; x_wconf 85' lang='lat' dir='ltr'>XIII</span> <span class='ocrx_word' id='word_1_42' title='bbox 2247 814 2411 879; x_wconf 86' lang='lat'>115:</span> <span class='ocrx_word' id='word_1_43' title='bbox 2465 819 2584 879; x_wconf 80' lang='grc' dir='ltr'><strong><em>Ζεῦ</em></strong></span> <span class='ocrx_word' id='word_1_44' title='bbox 2635 814 2843 891; x_wconf 78' lang='grc' dir='ltr'><strong><em>τέλει’,</em></strong></span> <span class='ocrx_word' id='word_1_45' title='bbox 2895 814 3039 879; x_wconf 75' lang='grc' dir='ltr'><strong><em>αἰδῶ</em></strong></span> 
     </span>
     <span class='ocr_line' id='line_1_6' title="bbox 657 917 3040 1005; baseline -0.001 -20"><span class='ocrx_word' id='word_1_46' title='bbox 657 920 822 985; x_wconf 75' lang='grc' dir='ltr'><strong><em>δίδοι.</em></strong></span> <span class='ocrx_word' id='word_1_47' title='bbox 915 920 1140 1005; x_wconf 88' lang='lat' dir='ltr'><strong>Itaque</strong></span> <span class='ocrx_word' id='word_1_48' title='bbox 1199 920 1665 1005; x_wconf 87' lang='lat' dir='ltr'><strong>reponendum:</strong></span> <span class='ocrx_word' id='word_1_49' title='bbox 1732 919 1979 983; x_wconf 76' lang='grc' dir='ltr'><strong><em>δίδοτ’</em></strong></span> <span class='ocrx_word' id='word_1_50' title='bbox 2044 918 2178 983; x_wconf 71' lang='grc' dir='ltr'><strong>ἐπὶ</strong></span> <span class='ocrx_word' id='word_1_51' title='bbox 2244 917 2522 999; x_wconf 81' lang='grc' dir='ltr'><strong><em>ἔργοισιν.</em></strong></span> <span class='ocrx_word' id='word_1_52' title='bbox 2614 918 2787 985; x_wconf 88' lang='lat' dir='ltr'><strong>Hinc</strong></span> <span class='ocrx_word' id='word_1_53' title='bbox 2844 922 3040 985; x_wconf 86' lang='lat' dir='ltr'><strong>etiam</strong></span> 
     </span>
     <span class='ocr_line' id='line_1_7' title="bbox 656 1024 3041 1114; baseline -0.002 -19"><span class='ocrx_word' id='word_1_54' title='bbox 656 1028 951 1114; x_wconf 76' lang='lat' dir='ltr'>arguitur</span> <span class='ocrx_word' id='word_1_55' title='bbox 995 1026 1258 1113; x_wconf 79' lang='lat' dir='ltr'><strong>Bergkii</strong></span> <span class='ocrx_word' id='word_1_56' title='bbox 1305 1046 1476 1090; x_wconf 90' lang='lat' dir='ltr'><strong>error</strong></span> <span class='ocrx_word' id='word_1_57' title='bbox 1521 1024 1779 1111; x_wconf 78' lang='lat' dir='ltr'><strong>Olymp.</strong></span> <span class='ocrx_word' id='word_1_58' title='bbox 1832 1024 1997 1090; x_wconf 86' lang='lat' dir='ltr'><strong>XIV</strong></span> <span class='ocrx_word' id='word_1_59' title='bbox 2049 1024 2153 1103; x_wconf 84' lang='lat'><strong>14,</strong></span> <span class='ocrx_word' id='word_1_60' title='bbox 2204 1025 2318 1089; x_wconf 88' lang='lat' dir='ltr'><strong>ubi</strong></span> <span class='ocrx_word' id='word_1_61' title='bbox 2366 1045 2565 1109; x_wconf 90' lang='lat' dir='ltr'><strong>quum</strong></span> <span class='ocrx_word' id='word_1_62' title='bbox 2613 1027 2681 1089; x_wconf 91' lang='lat' dir='ltr'><strong>in</strong></span> <span class='ocrx_word' id='word_1_63' title='bbox 2724 1024 2909 1091; x_wconf 90' lang='lat' dir='ltr'><strong>libris</strong></span> <span class='ocrx_word' id='word_1_64' title='bbox 2948 1045 3041 1090; x_wconf 88' lang='lat' dir='ltr'><strong>es-</strong></span> 
     </span>
     <span class='ocr_line' id='line_1_8' title="bbox 657 1128 3040 1213; baseline -0.001 -16"><span class='ocrx_word' id='word_1_65' title='bbox 657 1137 785 1197; x_wconf 82' lang='lat' dir='ltr'><strong>set:</strong></span> <span class='ocrx_word' id='word_1_66' title='bbox 849 1128 892 1195; x_wconf 81' lang='grc' dir='ltr'><strong><em>ὦ</em></strong></span> <span class='ocrx_word' id='word_1_67' title='bbox 939 1129 1136 1196; x_wconf 84' lang='grc' dir='ltr'><strong><em>πότνι’</em></strong></span> <span class='ocrx_word' id='word_1_68' title='bbox 1185 1132 1474 1209; x_wconf 83' lang='grc' dir='ltr'><strong><em>Ἀγλαΐα</em></strong></span> <span class='ocrx_word' id='word_1_69' title='bbox 1521 1130 1956 1213; x_wconf 77' lang='grc' dir='ltr'><strong><em>Φιλησίμολπέ</em></strong></span> <span class='ocrx_word' id='word_1_70' title='bbox 2003 1131 2063 1194; x_wconf 89' lang='grc' dir='ltr'><strong>τ’</strong></span> <span class='ocrx_word' id='word_1_71' title='bbox 2112 1131 2519 1212; x_wconf 72' lang='grc' dir='ltr'><strong><em>Εὐφροσύνα,</em></strong></span> <span class='ocrx_word' id='word_1_72' title='bbox 2572 1131 2712 1195; x_wconf 77' lang='grc' dir='ltr'><strong><em>θεῶν</em></strong></span> <span class='ocrx_word' id='word_1_73' title='bbox 2755 1130 3040 1211; x_wconf 72' lang='grc' dir='ltr'><strong><em>κρατίςου</em></strong></span> 
     </span>
     <span class='ocr_line' id='line_1_9' title="bbox 659 1235 3041 1321; baseline -0 -19"><span class='ocrx_word' id='word_1_74' title='bbox 659 1236 918 1314; x_wconf 70' lang='grc' dir='ltr'><strong><em>παῖδες,</em></strong></span> <span class='ocrx_word' id='word_1_75' title='bbox 971 1236 1307 1301; x_wconf 70' lang='grc' dir='ltr'><strong><em>ἐπάκοοι</em></strong></span> <span class='ocrx_word' id='word_1_76' title='bbox 1359 1241 1500 1313; x_wconf 78' lang='grc' dir='ltr'><strong><em>νῦν,</em></strong></span> <span class='ocrx_word' id='word_1_77' title='bbox 1549 1238 1835 1321; x_wconf 77' lang='lat' dir='ltr'><strong>reposuit</strong></span> <span class='ocrx_word' id='word_1_78' title='bbox 1882 1236 2327 1301; x_wconf 80' lang='grc' dir='ltr'><strong><em>ἐπακοοῒτέ</em></strong></span> <span class='ocrx_word' id='word_1_79' title='bbox 2376 1260 2495 1300; x_wconf 86' lang='grc' dir='ltr'><strong><em>νυν.</em></strong></span> <span class='ocrx_word' id='word_1_80' title='bbox 2545 1235 2775 1301; x_wconf 82' lang='lat' dir='ltr'><strong>Veram</strong></span> <span class='ocrx_word' id='word_1_81' title='bbox 2826 1235 3041 1301; x_wconf 86' lang='lat' dir='ltr'><strong>lectio-</strong></span> 
     </span>
     <span class='ocr_line' id='line_1_10' title="bbox 655 1340 3041 1428; baseline -0.001 -21"><span class='ocrx_word' id='word_1_82' title='bbox 655 1364 806 1408; x_wconf 87' lang='lat' dir='ltr'><strong>nem</strong></span> <span class='ocrx_word' id='word_1_83' title='bbox 851 1341 1134 1406; x_wconf 91' lang='lat' dir='ltr'><strong>multum</strong></span> <span class='ocrx_word' id='word_1_84' title='bbox 1183 1363 1486 1427; x_wconf 87' lang='lat' dir='ltr'><strong>quaerens</strong></span> <span class='ocrx_word' id='word_1_85' title='bbox 1531 1362 1654 1407; x_wconf 90' lang='lat' dir='ltr'><strong>non</strong></span> <span class='ocrx_word' id='word_1_86' title='bbox 1703 1344 1979 1407; x_wconf 82' lang='lat' dir='ltr'><strong>invenio.</strong></span> <span class='ocrx_word' id='word_1_87' title='bbox 2026 1340 2213 1407; x_wconf 81' lang='lat' dir='ltr'><strong>Addo</strong></span> <span class='ocrx_word' id='word_1_88' title='bbox 2262 1340 2517 1428; x_wconf 81' lang='lat' dir='ltr'><strong>Olymp.</strong></span> <span class='ocrx_word' id='word_1_89' title='bbox 2570 1340 2664 1407; x_wconf 90' lang='lat'><strong>111</strong></span> <span class='ocrx_word' id='word_1_90' title='bbox 2708 1342 2779 1405; x_wconf 88' lang='lat'><strong>4:</strong></span> <span class='ocrx_word' id='word_1_91' title='bbox 2828 1350 3041 1406; x_wconf 85' lang='grc' dir='ltr'><strong><em>Μοῖσα</em></strong></span> 
     </span>
     <span class='ocr_line' id='line_1_11' title="bbox 660 1444 3038 1529; baseline -0 -17"><span class='ocrx_word' id='word_1_92' title='bbox 660 1448 712 1512; x_wconf 77' lang='grc' dir='ltr'><strong>δ’</strong></span> <span class='ocrx_word' id='word_1_93' title='bbox 778 1444 931 1513; x_wconf 75' lang='grc' dir='ltr'><strong><em>οὕτω</em></strong></span> <span class='ocrx_word' id='word_1_94' title='bbox 985 1472 1114 1512; x_wconf 85' lang='grc' dir='ltr'><strong>ποι</strong></span> <span class='ocrx_word' id='word_1_95' title='bbox 1166 1448 1483 1527; x_wconf 72' lang='grc' dir='ltr'><strong><em>παρέςα</em></strong></span> <span class='ocrx_word' id='word_1_96' title='bbox 1532 1472 1662 1525; x_wconf 92' lang='grc' dir='ltr'><strong><em>μοι</em></strong></span> <span class='ocrx_word' id='word_1_97' title='bbox 1710 1448 2067 1525; x_wconf 73' lang='grc' dir='ltr'><strong><em>νεοσίγαλον</em></strong></span> <span class='ocrx_word' id='word_1_98' title='bbox 2117 1447 2342 1525; x_wconf 78' lang='grc' dir='ltr'><strong><em>εὑρόντι</em></strong></span> <span class='ocrx_word' id='word_1_99' title='bbox 2393 1448 2608 1525; x_wconf 80' lang='grc' dir='ltr'><strong><em>τρόπον</em></strong></span> <span class='ocrx_word' id='word_1_100' title='bbox 2658 1448 2862 1529; x_wconf 79' lang='grc' dir='ltr'><strong><em>’Δωρίῳ</em></strong></span> <span class='ocrx_word' id='word_1_101' title='bbox 2909 1456 3038 1527; x_wconf 85' lang='grc' dir='ltr'><strong>Φω-</strong></span> 
     </span>
     <span class='ocr_line' id='line_1_12' title="bbox 660 1553 3043 1641; baseline -0 -23"><span class='ocrx_word' id='word_1_102' title='bbox 660 1554 768 1618; x_wconf 76' lang='grc' dir='ltr'><strong>ναν</strong></span> <span class='ocrx_word' id='word_1_103' title='bbox 827 1554 1155 1631; x_wconf 73' lang='grc' dir='ltr'><strong><em>ἐναρμόξαι</em></strong></span> <span class='ocrx_word' id='word_1_104' title='bbox 1221 1553 1465 1633; x_wconf 75' lang='grc' dir='ltr'><strong><em>πεδίλῳ.</em></strong></span> <span class='ocrx_word' id='word_1_105' title='bbox 1533 1554 1717 1618; x_wconf 91' lang='lat' dir='ltr'><strong>Dicet</strong></span> <span class='ocrx_word' id='word_1_106' title='bbox 1764 1553 2083 1641; x_wconf 81' lang='lat' dir='ltr'><strong>Bergkius</strong></span> <span class='ocrx_word' id='word_1_107' title='bbox 2131 1574 2323 1637; x_wconf 90' lang='lat' dir='ltr'><strong>quam</strong></span> <span class='ocrx_word' id='word_1_108' title='bbox 2372 1556 2602 1618; x_wconf 79' lang='lat' dir='ltr'><strong>misere</strong></span> <span class='ocrx_word' id='word_1_109' title='bbox 2650 1553 2803 1617; x_wconf 85' lang='lat' dir='ltr'><strong>haec</strong></span> <span class='ocrx_word' id='word_1_110' title='bbox 2852 1554 3043 1618; x_wconf 81' lang='lat' dir='ltr'><strong>verba</strong></span> 
     </span>
     <span class='ocr_line' id='line_1_13' title="bbox 657 1659 3041 1746; baseline 0 -22"><span class='ocrx_word' id='word_1_111' title='bbox 657 1660 1032 1745; x_wconf 80' lang='lat' dir='ltr'><strong>interpretes</strong></span> <span class='ocrx_word' id='word_1_112' title='bbox 1099 1662 1435 1743; x_wconf 78' lang='lat' dir='ltr'><strong>torserint,</strong></span> <span class='ocrx_word' id='word_1_113' title='bbox 1506 1666 1648 1744; x_wconf 92' lang='lat' dir='ltr'><strong>post</strong></span> <span class='ocrx_word' id='word_1_114' title='bbox 1718 1680 1873 1744; x_wconf 92' lang='lat' dir='ltr'><strong>quos</strong></span> <span class='ocrx_word' id='word_1_115' title='bbox 1941 1662 2076 1745; x_wconf 89' lang='lat' dir='ltr'><strong>ipse</strong></span> <span class='ocrx_word' id='word_1_116' title='bbox 2139 1659 2384 1745; x_wconf 86' lang='lat' dir='ltr'><strong>aliquid</strong></span> <span class='ocrx_word' id='word_1_117' title='bbox 2442 1662 2830 1746; x_wconf 80' lang='lat' dir='ltr'><strong>excogitavit</strong></span> <span class='ocrx_word' id='word_1_118' title='bbox 2876 1660 3041 1745; x_wconf 89' lang='lat' dir='ltr'><strong>quod</strong></span> 
     </span>
     <span class='ocr_line' id='line_1_14' title="bbox 659 1762 3039 1853; baseline -0 -23"><span class='ocrx_word' id='word_1_119' title='bbox 659 1764 892 1830; x_wconf 87' lang='lat' dir='ltr'><strong>melius</strong></span> <span class='ocrx_word' id='word_1_120' title='bbox 959 1765 1133 1853; x_wconf 81' lang='lat' dir='ltr'><strong>leges</strong></span> <span class='ocrx_word' id='word_1_121' title='bbox 1195 1765 1365 1851; x_wconf 88' lang='lat' dir='ltr'><strong>apud</strong></span> <span class='ocrx_word' id='word_1_122' title='bbox 1425 1768 1658 1851; x_wconf 88' lang='lat' dir='ltr'><strong>ipsum.</strong></span> <span class='ocrx_word' id='word_1_123' title='bbox 1753 1766 2069 1850; x_wconf 86' lang='lat' dir='ltr'><strong>Equidem</strong></span> <span class='ocrx_word' id='word_1_124' title='bbox 2132 1766 2443 1831; x_wconf 86' lang='lat' dir='ltr'><strong>scribam:</strong></span> <span class='ocrx_word' id='word_1_125' title='bbox 2502 1773 2714 1830; x_wconf 83' lang='grc' dir='ltr'><strong><em>Μοῖσα</em></strong></span> <span class='ocrx_word' id='word_1_126' title='bbox 2777 1765 2829 1830; x_wconf 81' lang='grc' dir='ltr'><strong>δ’</strong></span> <span class='ocrx_word' id='word_1_127' title='bbox 2886 1762 3039 1830; x_wconf 79' lang='grc' dir='ltr'><strong><em>οὕτω</em></strong></span> 
     </span>
     <span class='ocr_line' id='line_1_15' title="bbox 658 1870 3044 1956; baseline 0 -19"><span class='ocrx_word' id='word_1_128' title='bbox 658 1895 790 1951; x_wconf 85' lang='grc' dir='ltr'><strong><em>μοι</em></strong></span> <span class='ocrx_word' id='word_1_129' title='bbox 860 1877 1221 1952; x_wconf 73' lang='grc' dir='ltr'><strong><em>παρεςαί</em></strong></span> <span class='ocrx_word' id='word_1_130' title='bbox 1239 1896 1273 1948; x_wconf 74' lang='lat' dir='ltr'><strong>n</strong></span> <span class='ocrx_word' id='word_1_131' title='bbox 1297 1920 1316 1956; x_wconf 87' lang='lat'>,</span> <span class='ocrx_word' id='word_1_132' title='bbox 1389 1871 1556 1956; x_wconf 87' lang='lat' dir='ltr'><strong>quod</strong></span> <span class='ocrx_word' id='word_1_133' title='bbox 1618 1874 1675 1936; x_wconf 96' lang='lat' dir='ltr'><strong>si</strong></span> <span class='ocrx_word' id='word_1_134' title='bbox 1736 1871 1904 1936; x_wconf 89' lang='lat' dir='ltr'><strong>nihil</strong></span> <span class='ocrx_word' id='word_1_135' title='bbox 1948 1870 2127 1937; x_wconf 89' lang='lat' dir='ltr'><strong>aliud</strong></span> <span class='ocrx_word' id='word_1_136' title='bbox 2173 1877 2339 1937; x_wconf 89' lang='lat' dir='ltr'><strong>certe</strong></span> <span class='ocrx_word' id='word_1_137' title='bbox 2384 1892 2508 1938; x_wconf 90' lang='lat' dir='ltr'><strong>non</strong></span> <span class='ocrx_word' id='word_1_138' title='bbox 2557 1870 2813 1937; x_wconf 88' lang='lat' dir='ltr'><strong>difficile</strong></span> <span class='ocrx_word' id='word_1_139' title='bbox 2858 1870 3044 1937; x_wconf 84' lang='lat' dir='ltr'><strong>intel·</strong></span> 
     </span>
     <span class='ocr_line' id='line_1_16' title="bbox 661 1978 994 2045; baseline -0.003 0"><span class='ocrx_word' id='word_1_140' title='bbox 661 1978 836 2045; x_wconf 86' lang='lat' dir='ltr'><strong>lectu</strong></span> <span class='ocrx_word' id='word_1_141' title='bbox 885 1984 994 2045; x_wconf 88' lang='lat' dir='ltr'><strong>est.</strong></span> 
     </span>
    </p>
   </div>
   <div class='ocr_carea' id='block_1_3' title="bbox 655 2189 3049 4072">
    <p class='ocr_par' dir='ltr' id='par_1_3' title="bbox 655 2189 3049 4072">
     <span class='ocr_line' id='line_1_17' title="bbox 749 2189 3044 2279; baseline 0.001 -23"><span class='ocrx_word' id='word_1_142' title='bbox 749 2192 945 2279; x_wconf 81' lang='lat' dir='ltr'><strong>Pyth.</strong></span> <span class='ocrx_word' id='word_1_143' title='bbox 1011 2190 1103 2257; x_wconf 88' lang='lat' dir='ltr'><strong>IX</strong></span> <span class='ocrx_word' id='word_1_144' title='bbox 1153 2189 1278 2257; x_wconf 81' lang='lat'><strong>32:</strong></span> <span class='ocrx_word' id='word_1_145' title='bbox 1343 2190 1526 2271; x_wconf 82' lang='grc' dir='ltr'><em>Φόβῳ</em></span> <span class='ocrx_word' id='word_1_146' title='bbox 1576 2189 1631 2255; x_wconf 77' lang='grc' dir='ltr'><strong>δ’</strong></span> <span class='ocrx_word' id='word_1_147' title='bbox 1682 2192 1749 2256; x_wconf 84' lang='grc' dir='ltr'><strong>οὗ</strong></span> <span class='ocrx_word' id='word_1_148' title='bbox 1797 2190 2214 2270; x_wconf 73' lang='grc' dir='ltr'><strong><em>κεχείμανται</em></strong></span> <span class='ocrx_word' id='word_1_149' title='bbox 2262 2197 2317 2272; x_wconf 86' lang='grc' dir='ltr'><em>Φ</em></span> <span class='ocrx_word' id='word_1_150' title='bbox 2334 2191 2596 2272; x_wconf 79' lang='grc' dir='ltr'><strong><em>ρένες,</em></strong></span> <span class='ocrx_word' id='word_1_151' title='bbox 2646 2192 3044 2258; x_wconf 82' lang='lat' dir='ltr'><strong>admirabilis</strong></span> 
     </span>
     <span class='ocr_line' id='line_1_18' title="bbox 659 2294 3047 2385; baseline 0 -22"><span class='ocrx_word' id='word_1_152' title='bbox 659 2302 754 2363; x_wconf 93' lang='lat' dir='ltr'><strong>est</strong></span> <span class='ocrx_word' id='word_1_153' title='bbox 801 2296 1071 2385; x_wconf 81' lang='lat' dir='ltr'><strong>Bergkii</strong></span> <span class='ocrx_word' id='word_1_154' title='bbox 1119 2298 1474 2364; x_wconf 77' lang='lat' dir='ltr'><strong>adnotatio:</strong></span> <span class='ocrx_word' id='word_1_155' title='bbox 1534 2299 1812 2375; x_wconf 88' lang='lat' dir='ltr'><strong>„conieci</strong></span> <span class='ocrx_word' id='word_1_156' title='bbox 1857 2294 2197 2381; x_wconf 75' lang='grc' dir='ltr'><strong><em>Φρένας,</em></strong></span> <span class='ocrx_word' id='word_1_157' title='bbox 2247 2302 2320 2361; x_wconf 90' lang='lat' dir='ltr'><strong>ut</strong></span> <span class='ocrx_word' id='word_1_158' title='bbox 2368 2298 2785 2378; x_wconf 73' lang='grc' dir='ltr'><strong><em>κεχείμανται</em></strong></span> <span class='ocrx_word' id='word_1_159' title='bbox 2828 2301 3047 2385; x_wconf 79' lang='lat' dir='ltr'><strong>singu-</strong></span> 
     </span>
     <span class='ocr_line' id='line_1_19' title="bbox 660 2402 3048 2488; baseline 0.002 -22"><span class='ocrx_word' id='word_1_160' title='bbox 660 2402 812 2467; x_wconf 85' lang='lat' dir='ltr'><strong>laris</strong></span> <span class='ocrx_word' id='word_1_161' title='bbox 859 2406 1112 2467; x_wconf 90' lang='lat' dir='ltr'><strong>numeri</strong></span> <span class='ocrx_word' id='word_1_162' title='bbox 1161 2402 1305 2467; x_wconf 91' lang='lat' dir='ltr'><strong>sit.”</strong></span> <span class='ocrx_word' id='word_1_163' title='bbox 1353 2402 1494 2468; x_wconf 88' lang='lat' dir='ltr'><strong>Non</strong></span> <span class='ocrx_word' id='word_1_164' title='bbox 1543 2409 1761 2467; x_wconf 86' lang='lat' dir='ltr'><strong>tamen</strong></span> <span class='ocrx_word' id='word_1_165' title='bbox 1808 2422 1999 2467; x_wconf 87' lang='lat' dir='ltr'><strong>ausus</strong></span> <span class='ocrx_word' id='word_1_166' title='bbox 2046 2409 2141 2467; x_wconf 88' lang='lat' dir='ltr'><strong>est</strong></span> <span class='ocrx_word' id='word_1_167' title='bbox 2192 2402 2354 2467; x_wconf 88' lang='lat' dir='ltr'><strong>illud</strong></span> <span class='ocrx_word' id='word_1_168' title='bbox 2398 2405 2626 2483; x_wconf 75' lang='grc' dir='ltr'><strong><em>Φρένας</em></strong></span> <span class='ocrx_word' id='word_1_169' title='bbox 2652 2452 2667 2482; x_wconf 80' lang='grc'><em>,</em></span> <span class='ocrx_word' id='word_1_170' title='bbox 2712 2425 2871 2488; x_wconf 78' lang='lat' dir='ltr'><strong>quae</strong></span> <span class='ocrx_word' id='word_1_171' title='bbox 2918 2406 3048 2471; x_wconf 84' lang='lat' dir='ltr'><strong>evi-</strong></span> 
     </span>
     <span class='ocr_line' id='line_1_20' title="bbox 662 2508 3047 2594; baseline 0 -22"><span class='ocrx_word' id='word_1_172' title='bbox 662 2508 814 2575; x_wconf 87' lang='lat' dir='ltr'><strong>dens</strong></span> <span class='ocrx_word' id='word_1_173' title='bbox 877 2510 1179 2574; x_wconf 90' lang='lat' dir='ltr'><strong>correctio</strong></span> <span class='ocrx_word' id='word_1_174' title='bbox 1241 2515 1336 2573; x_wconf 92' lang='lat' dir='ltr'><strong>est</strong></span> <span class='ocrx_word' id='word_1_175' title='bbox 1357 2556 1373 2586; x_wconf 88' lang='lat'>‚</span> <span class='ocrx_word' id='word_1_176' title='bbox 1437 2510 1504 2572; x_wconf 93' lang='lat' dir='ltr'><strong>in</strong></span> <span class='ocrx_word' id='word_1_177' title='bbox 1553 2514 1803 2573; x_wconf 86' lang='lat' dir='ltr'><strong>textum</strong></span> <span class='ocrx_word' id='word_1_178' title='bbox 1853 2512 2129 2594; x_wconf 91' lang='lat' dir='ltr'><strong>recipere</strong></span> <span class='ocrx_word' id='word_1_179' title='bbox 2148 2556 2163 2586; x_wconf 91' lang='lat'><strong>,</strong></span> <span class='ocrx_word' id='word_1_180' title='bbox 2213 2530 2363 2574; x_wconf 87' lang='lat' dir='ltr'><strong>nam</strong></span> <span class='ocrx_word' id='word_1_181' title='bbox 2412 2512 2828 2590; x_wconf 82' lang='grc' dir='ltr'><strong><em>κεχείμανται</em></strong></span> <span class='ocrx_word' id='word_1_182' title='bbox 2880 2515 3047 2575; x_wconf 85' lang='lat' dir='ltr'><strong>certe</strong></span> 
     </span>
     <span class='ocr_line' id='line_1_21' title="bbox 662 2615 3043 2701; baseline 0 -21"><span class='ocrx_word' id='word_1_183' title='bbox 662 2637 786 2681; x_wconf 86' lang='lat' dir='ltr'><strong>non</strong></span> <span class='ocrx_word' id='word_1_184' title='bbox 835 2621 1043 2700; x_wconf 89' lang='lat' dir='ltr'><strong>potest</strong></span> <span class='ocrx_word' id='word_1_185' title='bbox 1089 2637 1224 2680; x_wconf 90' lang='lat' dir='ltr'><strong>esse</strong></span> <span class='ocrx_word' id='word_1_186' title='bbox 1270 2615 1535 2701; x_wconf 87' lang='lat' dir='ltr'><strong>pluralis</strong></span> <span class='ocrx_word' id='word_1_187' title='bbox 1583 2619 1857 2682; x_wconf 90' lang='lat' dir='ltr'><strong>numeri.</strong></span> <span class='ocrx_word' id='word_1_188' title='bbox 1954 2615 2079 2696; x_wconf 81' lang='lat' dir='ltr'><strong>Qui</strong></span> <span class='ocrx_word' id='word_1_189' title='bbox 2124 2617 2339 2696; x_wconf 78' lang='grc' dir='ltr'><strong><em>Φρένες</em></strong></span> <span class='ocrx_word' id='word_1_190' title='bbox 2389 2619 2554 2682; x_wconf 87' lang='lat' dir='ltr'><strong>tueri</strong></span> <span class='ocrx_word' id='word_1_191' title='bbox 2606 2617 2851 2694; x_wconf 86' lang='lat' dir='ltr'><strong>volent,</strong></span> <span class='ocrx_word' id='word_1_192' title='bbox 2904 2636 3043 2701; x_wconf 91' lang='lat' dir='ltr'><strong>pro-</strong></span> 
     </span>
     <span class='ocr_line' id='line_1_22' title="bbox 659 2721 3041 2805; baseline -0 -18"><span class='ocrx_word' id='word_1_193' title='bbox 659 2741 883 2788; x_wconf 76' lang='lat' dir='ltr'><strong>vocare</strong></span> <span class='ocrx_word' id='word_1_194' title='bbox 952 2721 1269 2786; x_wconf 86' lang='lat' dir='ltr'><strong>debebunt</strong></span> <span class='ocrx_word' id='word_1_195' title='bbox 1339 2722 1422 2785; x_wconf 86' lang='lat' dir='ltr'><strong>ad</strong></span> <span class='ocrx_word' id='word_1_196' title='bbox 1485 2721 1895 2786; x_wconf 77' lang='lat' dir='ltr'><strong>Pindaricum</strong></span> <span class='ocrx_word' id='word_1_197' title='bbox 1960 2722 2253 2804; x_wconf 84' lang='lat' dir='ltr'><strong>schema,</strong></span> <span class='ocrx_word' id='word_1_198' title='bbox 2316 2723 2481 2805; x_wconf 88' lang='lat' dir='ltr'><strong>quod</strong></span> <span class='ocrx_word' id='word_1_199' title='bbox 2548 2721 2788 2788; x_wconf 88' lang='lat' dir='ltr'><strong>Gontus</strong></span> <span class='ocrx_word' id='word_1_200' title='bbox 2850 2724 2909 2788; x_wconf 76' lang='grc' dir='ltr'><strong><em>ἐν</em></strong></span> <span class='ocrx_word' id='word_1_201' title='bbox 2958 2724 3041 2802; x_wconf 76' lang='grc' dir='ltr'><strong>τῶ</strong></span> 
     </span>
     <span class='ocr_line' id='line_1_23' title="bbox 659 2824 3039 2910; baseline 0.001 -20"><span class='ocrx_word' id='word_1_202' title='bbox 659 2827 850 2906; x_wconf 83' lang='grc' dir='ltr'><strong><em>λογίῳ</em></strong></span> <span class='ocrx_word' id='word_1_203' title='bbox 899 2828 1094 2906; x_wconf 67' lang='grc' dir='ltr'><strong><em>Ἑρμῇ</em></strong></span> <span class='ocrx_word' id='word_1_204' title='bbox 1143 2848 1205 2910; x_wconf 90' lang='lat' dir='ltr'><strong>p.</strong></span> <span class='ocrx_word' id='word_1_205' title='bbox 1257 2824 1388 2908; x_wconf 61' lang='lat'><strong>32&amp;</strong></span> <span class='ocrx_word' id='word_1_206' title='bbox 1437 2828 1813 2909; x_wconf 81' lang='lat' dir='ltr'><strong>pronunciat</strong></span> <span class='ocrx_word' id='word_1_207' title='bbox 1858 2846 1990 2891; x_wconf 87' lang='lat' dir='ltr'><strong>esse</strong></span> <span class='ocrx_word' id='word_1_208' title='bbox 2036 2826 2367 2890; x_wconf 69' lang='grc' dir='ltr'><strong><em>ἀλλόκοτον</em></strong></span> <span class='ocrx_word' id='word_1_209' title='bbox 2417 2829 2520 2892; x_wconf 83' lang='grc' dir='ltr'><strong>καὶ</strong></span> <span class='ocrx_word' id='word_1_210' title='bbox 2573 2829 2851 2905; x_wconf 67' lang='grc' dir='ltr'><strong><em>πλάσμα</em></strong></span> <span class='ocrx_word' id='word_1_211' title='bbox 2900 2829 3039 2900; x_wconf 74' lang='grc' dir='ltr'><strong><em>ἴσως</em></strong></span> 
     </span>
     <span class='ocr_line' id='line_1_24' title="bbox 657 2930 3045 3011; baseline 0.002 -16"><span class='ocrx_word' id='word_1_212' title='bbox 657 2938 774 2996; x_wconf 81' lang='grc' dir='ltr'><strong><em>τῶν</em></strong></span> <span class='ocrx_word' id='word_1_213' title='bbox 837 2937 1079 3010; x_wconf 77' lang='grc' dir='ltr'><strong><em>χρηςῶν</em></strong></span> <span class='ocrx_word' id='word_1_214' title='bbox 1138 2937 1618 3010; x_wconf 79' lang='grc' dir='ltr'><strong><em>γραμματικῶν.</em></strong></span> <span class='ocrx_word' id='word_1_215' title='bbox 1716 2930 1921 3011; x_wconf 81' lang='lat' dir='ltr'><strong>Quam</strong></span> <span class='ocrx_word' id='word_1_216' title='bbox 1982 2930 2257 2994; x_wconf 88' lang='lat' dir='ltr'><strong>stultum</strong></span> <span class='ocrx_word' id='word_1_217' title='bbox 2308 2939 2405 2996; x_wconf 89' lang='lat' dir='ltr'><strong>est</strong></span> <span class='ocrx_word' id='word_1_218' title='bbox 2452 2934 2700 3000; x_wconf 91' lang='lat' dir='ltr'><strong>credere</strong></span> <span class='ocrx_word' id='word_1_219' title='bbox 2748 2937 2814 2998; x_wconf 92' lang='lat' dir='ltr'><strong>in</strong></span> <span class='ocrx_word' id='word_1_220' title='bbox 2864 2935 3045 2999; x_wconf 85' lang='lat' dir='ltr'><strong>brevi</strong></span> 
     </span>
     <span class='ocr_line' id='line_1_25' title="bbox 658 3036 3045 3126; baseline -0 -23"><span class='ocrx_word' id='word_1_221' title='bbox 658 3057 731 3103; x_wconf 85' lang='lat' dir='ltr'><strong>ao</strong></span> <span class='ocrx_word' id='word_1_222' title='bbox 777 3039 1109 3121; x_wconf 89' lang='lat' dir='ltr'><strong>perspicua</strong></span> <span class='ocrx_word' id='word_1_223' title='bbox 1155 3039 1466 3100; x_wconf 84' lang='lat' dir='ltr'><strong>sententia</strong></span> <span class='ocrx_word' id='word_1_224' title='bbox 1512 3036 1903 3122; x_wconf 83' lang='lat' dir='ltr'><strong>singularem</strong></span> <span class='ocrx_word' id='word_1_225' title='bbox 1952 3057 2099 3101; x_wconf 88' lang='lat' dir='ltr'><strong>cum</strong></span> <span class='ocrx_word' id='word_1_226' title='bbox 2148 3036 2383 3121; x_wconf 86' lang='lat' dir='ltr'><strong>plurali</strong></span> <span class='ocrx_word' id='word_1_227' title='bbox 2431 3060 2695 3104; x_wconf 89' lang='lat' dir='ltr'><strong>numero</strong></span> <span class='ocrx_word' id='word_1_228' title='bbox 2742 3042 3045 3126; x_wconf 83' lang='lat' dir='ltr'><strong>coniungi</strong></span> 
     </span>
     <span class='ocr_line' id='line_1_26' title="bbox 657 3139 3045 3234; baseline 0.001 -27"><span class='ocrx_word' id='word_1_229' title='bbox 657 3139 870 3227; x_wconf 82' lang='lat' dir='ltr'><strong>posse!</strong></span> <span class='ocrx_word' id='word_1_230' title='bbox 921 3142 997 3205; x_wconf 89' lang='lat' dir='ltr'><strong>In</strong></span> <span class='ocrx_word' id='word_1_231' title='bbox 1041 3143 1233 3228; x_wconf 84' lang='lat' dir='ltr'><strong>longa</strong></span> <span class='ocrx_word' id='word_1_232' title='bbox 1277 3143 1530 3227; x_wconf 86' lang='lat' dir='ltr'><strong>periodo</strong></span> <span class='ocrx_word' id='word_1_233' title='bbox 1579 3162 1767 3206; x_wconf 89' lang='lat' dir='ltr'><strong>omne</strong></span> <span class='ocrx_word' id='word_1_234' title='bbox 1812 3163 2015 3229; x_wconf 83' lang='lat' dir='ltr'><strong>genus</strong></span> <span class='ocrx_word' id='word_1_235' title='bbox 2063 3144 2475 3234; x_wconf 71' lang='grc' dir='ltr'><strong><em>ἆνακολούθων</em></strong></span> <span class='ocrx_word' id='word_1_236' title='bbox 2518 3145 2676 3209; x_wconf 89' lang='lat' dir='ltr'><strong>ferre</strong></span> <span class='ocrx_word' id='word_1_237' title='bbox 2720 3145 3045 3230; x_wconf 83' lang='lat' dir='ltr'><strong>debemus,</strong></span> 
     </span>
     <span class='ocr_line' id='line_1_27' title="bbox 659 3247 3045 3340; baseline 0.001 -28"><span class='ocrx_word' id='word_1_238' title='bbox 659 3247 768 3312; x_wconf 88' lang='lat' dir='ltr'><strong>sed</strong></span> <span class='ocrx_word' id='word_1_239' title='bbox 815 3247 1166 3311; x_wconf 89' lang='lat' dir='ltr'><strong>absurdum</strong></span> <span class='ocrx_word' id='word_1_240' title='bbox 1219 3253 1314 3313; x_wconf 91' lang='lat' dir='ltr'><strong>est</strong></span> <span class='ocrx_word' id='word_1_241' title='bbox 1363 3249 1781 3326; x_wconf 80' lang='grc' dir='ltr'><strong><em>κεχείμανται</em></strong></span> <span class='ocrx_word' id='word_1_242' title='bbox 1831 3248 2083 3327; x_wconf 77' lang='grc' dir='ltr'><strong><em>φρένες,</em></strong></span> <span class='ocrx_word' id='word_1_243' title='bbox 2136 3270 2326 3333; x_wconf 88' lang='lat' dir='ltr'><strong>quam</strong></span> <span class='ocrx_word' id='word_1_244' title='bbox 2376 3253 2759 3340; x_wconf 81' lang='lat' dir='ltr'><strong>scripturam</strong></span> <span class='ocrx_word' id='word_1_245' title='bbox 2794 3253 3045 3338; x_wconf 83' lang='lat' dir='ltr'><strong>excogi-</strong></span> 
     </span>
     <span class='ocr_line' id='line_1_28' title="bbox 657 3353 3045 3441; baseline 0.003 -25"><span class='ocrx_word' id='word_1_246' title='bbox 657 3355 856 3429; x_wconf 86' lang='lat' dir='ltr'><strong>tavit,</strong></span> <span class='ocrx_word' id='word_1_247' title='bbox 909 3355 1006 3417; x_wconf 86' lang='lat' dir='ltr'><strong>uti</strong></span> <span class='ocrx_word' id='word_1_248' title='bbox 1051 3353 1261 3429; x_wconf 84' lang='lat' dir='ltr'><strong>vides,</strong></span> <span class='ocrx_word' id='word_1_249' title='bbox 1313 3353 1610 3417; x_wconf 87' lang='lat' dir='ltr'><strong>librarius</strong></span> <span class='ocrx_word' id='word_1_250' title='bbox 1661 3357 1770 3438; x_wconf 86' lang='lat' dir='ltr'><strong>qni</strong></span> <span class='ocrx_word' id='word_1_251' title='bbox 1819 3355 2087 3438; x_wconf 85' lang='lat' dir='ltr'><strong>putabat</strong></span> <span class='ocrx_word' id='word_1_252' title='bbox 2134 3355 2553 3434; x_wconf 73' lang='grc' dir='ltr'><strong><em>κεχείμανται</em></strong></span> <span class='ocrx_word' id='word_1_253' title='bbox 2602 3357 2847 3441; x_wconf 88' lang='lat' dir='ltr'><strong>plurale</strong></span> <span class='ocrx_word' id='word_1_254' title='bbox 2888 3377 3045 3422; x_wconf 89' lang='grc'><strong>6666.</strong></span> 
     </span>
     <span class='ocr_line' id='line_1_29' title="bbox 657 3456 3047 3544; baseline 0.001 -21"><span class='ocrx_word' id='word_1_255' title='bbox 657 3456 916 3524; x_wconf 76' lang='lat' dir='ltr'><strong>Scribas</strong></span> <span class='ocrx_word' id='word_1_256' title='bbox 975 3461 1190 3544; x_wconf 90' lang='lat' dir='ltr'><strong>inepte</strong></span> <span class='ocrx_word' id='word_1_257' title='bbox 1237 3461 1555 3523; x_wconf 88' lang='lat' dir='ltr'><strong>mirantur</strong></span> <span class='ocrx_word' id='word_1_258' title='bbox 1601 3479 1715 3523; x_wconf 88' lang='lat' dir='ltr'><strong>nec</strong></span> <span class='ocrx_word' id='word_1_259' title='bbox 1764 3461 1887 3523; x_wconf 86' lang='lat' dir='ltr'><strong>sibi</strong></span> <span class='ocrx_word' id='word_1_260' title='bbox 1935 3461 2311 3544; x_wconf 89' lang='lat' dir='ltr'><strong>persuadent</strong></span> <span class='ocrx_word' id='word_1_261' title='bbox 2356 3461 2778 3542; x_wconf 68' lang='lat' dir='ltr'><strong>rsrpakxvvroet</strong></span> <span class='ocrx_word' id='word_1_262' title='bbox 2830 3467 2894 3528; x_wconf 88' lang='lat' dir='ltr'><strong>et</strong></span> <span class='ocrx_word' id='word_1_263' title='bbox 2938 3487 3047 3540; x_wconf 89' lang='grc' dir='ltr'><strong>με-</strong></span> 
     </span>
     <span class='ocr_line' id='line_1_30' title="bbox 658 3549 3045 3654; baseline 0.003 -27"><span class='ocrx_word' id='word_1_264' title='bbox 658 3564 921 3641; x_wconf 87' lang='grc' dir='ltr'><strong><em>μίανται</em></strong></span> <span class='ocrx_word' id='word_1_265' title='bbox 985 3570 1048 3628; x_wconf 88' lang='lat' dir='ltr'><strong>et</strong></span> <span class='ocrx_word' id='word_1_266' title='bbox 1109 3563 1296 3645; x_wconf 73' lang='grc' dir='ltr'><strong><em>ἰσχὺς</em></strong></span> <span class='ocrx_word' id='word_1_267' title='bbox 1361 3565 1473 3639; x_wconf 77' lang='grc' dir='ltr'><strong>μὲν</strong></span> <span class='ocrx_word' id='word_1_268' title='bbox 1536 3563 1994 3639; x_wconf 65' lang='grc' dir='ltr'><strong><em>ἀπήμβλυνται</em></strong></span> <span class='ocrx_word' id='word_1_269' title='bbox 2056 3572 2119 3629; x_wconf 88' lang='lat' dir='ltr'><strong>et</strong></span> <span class='ocrx_word' id='word_1_270' title='bbox 2182 3569 2326 3630; x_wconf 88' lang='lat' dir='ltr'><strong>sim.</strong></span> <span class='ocrx_word' id='word_1_271' title='bbox 2384 3549 2728 3654; x_wconf 83' lang='lat' dir='ltr'><strong>singularis</strong></span> <span class='ocrx_word' id='word_1_272' title='bbox 2794 3570 3045 3634; x_wconf 89' lang='lat' dir='ltr'><strong>numeri</strong></span> 
     </span>
     <span class='ocr_line' id='line_1_31' title="bbox 659 3668 3048 3757; baseline 0.002 -23"><span class='ocrx_word' id='word_1_273' title='bbox 659 3691 826 3747; x_wconf 88' lang='lat' dir='ltr'><strong>esse,</strong></span> <span class='ocrx_word' id='word_1_274' title='bbox 879 3669 1106 3736; x_wconf 84' lang='lat' dir='ltr'><strong>deinde</strong></span> <span class='ocrx_word' id='word_1_275' title='bbox 1152 3692 1230 3735; x_wconf 80' lang='lat' dir='ltr'><strong>ex</strong></span> <span class='ocrx_word' id='word_1_276' title='bbox 1277 3671 1675 3757; x_wconf 79' lang='lat' dir='ltr'><strong>ignoratione</strong></span> <span class='ocrx_word' id='word_1_277' title='bbox 1722 3668 1983 3734; x_wconf 86' lang='lat' dir='ltr'><strong>illarum</strong></span> <span class='ocrx_word' id='word_1_278' title='bbox 2030 3669 2381 3735; x_wconf 81' lang='lat' dir='ltr'><strong>formarum</strong></span> <span class='ocrx_word' id='word_1_279' title='bbox 2430 3672 2721 3736; x_wconf 90' lang='lat' dir='ltr'><strong>incidunt</strong></span> <span class='ocrx_word' id='word_1_280' title='bbox 2762 3675 2831 3736; x_wconf 91' lang='lat' dir='ltr'><strong>in</strong></span> <span class='ocrx_word' id='word_1_281' title='bbox 2870 3677 3048 3738; x_wconf 88' lang='lat' dir='ltr'><strong>miri-</strong></span> 
     </span>
     <span class='ocr_line' id='line_1_32' title="bbox 657 3773 3047 3860; baseline 0.002 -20"><span class='ocrx_word' id='word_1_282' title='bbox 657 3773 806 3840; x_wconf 86' lang='lat' dir='ltr'><strong>ficas</strong></span> <span class='ocrx_word' id='word_1_283' title='bbox 871 3777 1292 3860; x_wconf 86' lang='lat' dir='ltr'><strong>suspiciones,</strong></span> <span class='ocrx_word' id='word_1_284' title='bbox 1356 3796 1393 3841; x_wconf 88' lang='lat' dir='ltr'><strong>a</strong></span> <span class='ocrx_word' id='word_1_285' title='bbox 1441 3775 1674 3860; x_wconf 90' lang='lat' dir='ltr'><strong>quibus</strong></span> <span class='ocrx_word' id='word_1_286' title='bbox 1722 3777 1917 3840; x_wconf 88' lang='lat' dir='ltr'><strong>etiam</strong></span> <span class='ocrx_word' id='word_1_287' title='bbox 1966 3774 2154 3840; x_wconf 90' lang='lat' dir='ltr'><strong>hodie</strong></span> <span class='ocrx_word' id='word_1_288' title='bbox 2202 3776 2397 3840; x_wconf 91' lang='lat' dir='ltr'><strong>multi</strong></span> <span class='ocrx_word' id='word_1_289' title='bbox 2442 3797 2567 3842; x_wconf 89' lang='lat' dir='ltr'><strong>non</strong></span> <span class='ocrx_word' id='word_1_290' title='bbox 2614 3781 2768 3842; x_wconf 88' lang='lat' dir='ltr'><strong>satis</strong></span> <span class='ocrx_word' id='word_1_291' title='bbox 2817 3778 3047 3844; x_wconf 84' lang='lat' dir='ltr'><strong>didice-</strong></span> 
     </span>
     <span class='ocr_line' id='line_1_33' title="bbox 659 3879 3049 3970; baseline 0.003 -26"><span class='ocrx_word' id='word_1_292' title='bbox 659 3888 809 3945; x_wconf 90' lang='lat' dir='ltr'><strong>runt</strong></span> <span class='ocrx_word' id='word_1_293' title='bbox 855 3902 1093 3946; x_wconf 83' lang='lat' dir='ltr'><strong>cavere.</strong></span> <span class='ocrx_word' id='word_1_294' title='bbox 1145 3880 1386 3966; x_wconf 81' lang='lat' dir='ltr'><strong>Aperta</strong></span> <span class='ocrx_word' id='word_1_295' title='bbox 1431 3903 1531 3945; x_wconf 89' lang='lat' dir='ltr'><strong>res</strong></span> <span class='ocrx_word' id='word_1_296' title='bbox 1578 3887 1688 3946; x_wconf 87' lang='lat' dir='ltr'><strong>est.</strong></span> <span class='ocrx_word' id='word_1_297' title='bbox 1744 3879 2061 3946; x_wconf 88' lang='lat' dir='ltr'><strong>Miraculo</strong></span> <span class='ocrx_word' id='word_1_298' title='bbox 2100 3901 2223 3946; x_wconf 90' lang='lat' dir='ltr'><strong>non</strong></span> <span class='ocrx_word' id='word_1_299' title='bbox 2264 3889 2360 3947; x_wconf 90' lang='lat' dir='ltr'><strong>est</strong></span> <span class='ocrx_word' id='word_1_300' title='bbox 2397 3883 2753 3970; x_wconf 83' lang='lat' dir='ltr'><strong>Bergkium</strong></span> <span class='ocrx_word' id='word_1_301' title='bbox 2788 3887 2853 3949; x_wconf 91' lang='lat' dir='ltr'><strong>in</strong></span> <span class='ocrx_word' id='word_1_302' title='bbox 2879 3886 3049 3951; x_wconf 85' lang='lat' dir='ltr'><strong>clara</strong></span> 
     </span>
     <span class='ocr_line' id='line_1_34' title="bbox 655 3984 3046 4072; baseline 0.001 -20"><span class='ocrx_word' id='word_1_303' title='bbox 655 3987 799 4053; x_wconf 83' lang='lat' dir='ltr'><strong>luce</strong></span> <span class='ocrx_word' id='word_1_304' title='bbox 848 3989 1191 4072; x_wconf 88' lang='lat' dir='ltr'><strong>ancipitem</strong></span> <span class='ocrx_word' id='word_1_305' title='bbox 1241 3988 1538 4062; x_wconf 86' lang='lat' dir='ltr'><strong>haesisse,</strong></span> <span class='ocrx_word' id='word_1_306' title='bbox 1595 4007 1745 4050; x_wconf 84' lang='lat' dir='ltr'><strong>nam</strong></span> <span class='ocrx_word' id='word_1_307' title='bbox 1795 3984 2021 4051; x_wconf 88' lang='lat' dir='ltr'><strong>Isthm.</strong></span> <span class='ocrx_word' id='word_1_308' title='bbox 2070 3985 2197 4052; x_wconf 89' lang='lat' dir='ltr'><strong>VII</strong></span> <span class='ocrx_word' id='word_1_309' title='bbox 2245 3987 2332 4052; x_wconf 85' lang='lat'><strong>34</strong></span> <span class='ocrx_word' id='word_1_310' title='bbox 2380 3989 2647 4054; x_wconf 87' lang='lat' dir='ltr'><strong>stultam</strong></span> <span class='ocrx_word' id='word_1_311' title='bbox 2698 3995 2763 4054; x_wconf 86' lang='lat' dir='ltr'><strong>et</strong></span> <span class='ocrx_word' id='word_1_312' title='bbox 2802 3991 3046 4055; x_wconf 87' lang='lat' dir='ltr'><strong>inaudi-</strong></span> 
     </span>
    </p>
   </div>
   <div class='ocr_carea' id='block_1_4' title="bbox 555 4079 3045 4175">
    <p class='ocr_par' dir='ltr' id='par_1_4' title="bbox 555 4079 3045 4175">
     <span class='ocr_line' id='line_1_35' title="bbox 555 4079 3045 4175; baseline 0 -18"><span class='ocrx_word' id='word_1_313' title='bbox 555 4079 566 4085; x_wconf 63' lang='grc'><strong>’</strong></span> <span class='ocrx_word' id='word_1_314' title='bbox 653 4098 790 4158; x_wconf 86' lang='lat' dir='ltr'><strong>tam</strong></span> <span class='ocrx_word' id='word_1_315' title='bbox 849 4093 1122 4159; x_wconf 86' lang='lat' dir='ltr'><strong>formam</strong></span> <span class='ocrx_word' id='word_1_316' title='bbox 1185 4093 1479 4168; x_wconf 79' lang='grc' dir='ltr'><strong><em>ἐσννῆκαν</em></strong></span> <span class='ocrx_word' id='word_1_317' title='bbox 1546 4093 1745 4156; x_wconf 83' lang='lat' dir='ltr'><strong>etiam</strong></span> <span class='ocrx_word' id='word_1_318' title='bbox 1810 4111 1921 4175; x_wconf 88' lang='lat' dir='ltr'><strong>per</strong></span> <span class='ocrx_word' id='word_1_319' title='bbox 1983 4094 2409 4159; x_wconf 89' lang='lat' dir='ltr'><strong>coniecturam</strong></span> <span class='ocrx_word' id='word_1_320' title='bbox 2461 4096 2632 4161; x_wconf 91' lang='lat' dir='ltr'><strong>ultro</strong></span> <span class='ocrx_word' id='word_1_321' title='bbox 2680 4097 2747 4160; x_wconf 89' lang='lat' dir='ltr'><strong>in</strong></span> <span class='ocrx_word' id='word_1_322' title='bbox 2795 4101 3045 4160; x_wconf 83' lang='lat' dir='ltr'><strong>textum</strong></span> 
     </span>
    </p>
   </div>
   <div class='ocr_carea' id='block_1_5' title="bbox 658 4197 907 4263">
    <p class='ocr_par' dir='ltr' id='par_1_5' title="bbox 658 4197 907 4263">
     <span class='ocr_line' id='line_1_36' title="bbox 658 4197 907 4263; baseline 0.004 -1"><span class='ocrx_word' id='word_1_323' title='bbox 658 4197 907 4263; x_wconf 88' lang='lat' dir='ltr'><strong>intulit.</strong></span> 
     </span>
    </p>
   </div>
   <div class='ocr_carea' id='block_1_6' title="bbox 745 4407 3033 4497">
    <p class='ocr_par' dir='ltr' id='par_1_6' title="bbox 745 4407 3033 4497">
     <span class='ocr_line' id='line_1_37' title="bbox 745 4407 3033 4497; baseline 0.002 -24"><span class='ocrx_word' id='word_1_324' title='bbox 745 4407 1042 4476; x_wconf 83' lang='lat' dir='ltr'><strong>Ridicula</strong></span> <span class='ocrx_word' id='word_1_325' title='bbox 1087 4411 1249 4478; x_wconf 87' lang='lat' dir='ltr'><strong>mihi</strong></span> <span class='ocrx_word' id='word_1_326' title='bbox 1297 4410 1595 4478; x_wconf 86' lang='lat' dir='ltr'><strong>videntur</strong></span> <span class='ocrx_word' id='word_1_327' title='bbox 1641 4407 1933 4476; x_wconf 82' lang='lat' dir='ltr'><strong>Chironis</strong></span> <span class='ocrx_word' id='word_1_328' title='bbox 1980 4411 2173 4476; x_wconf 86' lang='lat' dir='ltr'><strong>verba</strong></span> <span class='ocrx_word' id='word_1_329' title='bbox 2213 4410 2405 4497; x_wconf 81' lang='lat' dir='ltr'><strong>Pyth.</strong></span> <span class='ocrx_word' id='word_1_330' title='bbox 2447 4411 2539 4478; x_wconf 90' lang='lat' dir='ltr'><strong>IX</strong></span> <span class='ocrx_word' id='word_1_331' title='bbox 2576 4410 2688 4496; x_wconf 85' lang='lat'><strong>41,</strong></span> <span class='ocrx_word' id='word_1_332' title='bbox 2716 4413 2829 4480; x_wconf 89' lang='lat' dir='ltr'><strong>ubi</strong></span> <span class='ocrx_word' id='word_1_333' title='bbox 2852 4413 3033 4478; x_wconf 87' lang='lat' dir='ltr'><strong>docet</strong></span> 
     </span>
    </p>
   </div>
  </div>
 </body>
</html>
