3414 5158
1333 321 1338 329 ’
1435 365 1628 419 mus.
2589 345 2719 418 125

333 565 342 570 ·
419 549 476 606 Σ
525 536 680 606 394.
739 535 1064 604 Vulcanus
1127 535 1204 603 ad
1269 533 1561 602 Gratiam
1621 533 2027 602 nuntiantem
2089 536 2213 602 sibi
2276 535 2571 603 Thetidis
2616 537 2723 602 ad-

320 651 630 714 ventum:
1500 729 1506 734 .

604 747 640 826 35
683 748 760 832 ῥα
807 747 875 814 νῦ
922 771 1044 828 μοι,
1073 747 1234 825 δεινή
1281 772 1353 814 τε
1400 747 1504 814 καὶ
1553 747 1749 824 aizal»,
1798 747 1924 820 θεὸς
1974 745 2155 827 ἔνδον,

601 853 641 932 ἦ
683 855 756 936 μ’
801 855 1076 934 ἐσάωσε,
1111 849 1215 922 ὅτε
1258 856 1333 934 μ’
1379 853 1582 936 ἄλγος
1630 855 1901 938 ἄφίκετο
1946 861 2099 928 τῆλε
2153 852 2429 922 πεσόντα

601 963 828 1043 μητρὸς
877 961 1032 1038 ἐμῆς
1082 959 1278 1038 ida-nrt
1326 960 1693 1040 κυνώπιδος,
1749 961 1787 1038 ἥ
1834 959 1907 1042 μ’
1958 961 2237 1038 ἔθέλησεν

601 1068 906 1150 κρύψαι
953 1067 1158 1147 χωλὸν
1209 1067 1391 1133 ἐόντα
1437 1068 1567 1133 κτὲ.

420 1171 768 1240 Manifesto
828 1171 986 1239 Iuno
1047 1171 1292 1250 filium,
1357 1173 1540 1239 cuius
1587 1194 1730 1240 eam
1779 1173 2092 1260 pudebat,
2143 1191 2267 1238 non
2312 1172 2522 1240 voluit
2566 1173 2721 1240 sim-

326 1279 586 1367 pliciter
647 1284 982 1356 ooeultare,
1051 1279 1220 1364 quod
1281 1281 1498 1345 minus
1561 1279 1808 1346 crudeli
1852 1282 2097 1346 ratione
2144 1278 2346 1344 facere
2390 1284 2723 1364 potuerat,

264 1456 270 1461 ,
329 1385 443 1452 sed
503 1386 768 1452 occidere
830 1385 955 1472 (dis
1015 1383 1496 1451 immortalibus
1557 1387 1764 1452 vitam
1813 1385 2017 1450 adimi
2064 1404 2192 1450 non
2236 1403 2419 1470 posse
2435 1432 2453 1464 ,
2502 1385 2570 1451 id
2616 1403 2725 1452 ve-

331 1495 545 1557 tustae
589 1490 845 1558 fabulae
890 1510 1016 1556 non
1062 1491 1338 1576 curant),
1387 1492 1606 1576 itaque
1652 1511 1779 1556 non
1826 1490 2051 1556 dubito
2098 1490 2253 1575 quin
2300 1495 2486 1575 poeta
2532 1489 2725 1557 verbo

337 1599 624 1678 κρύπτειν
671 1596 1132 1682 euphemistice
1176 1595 1242 1661 h.
1269 1595 1313 1661 1.
1364 1595 1588 1662 eodem
1634 1597 1825 1663 modo
1874 1617 2030 1662 usus
2072 1599 2191 1674 sit,
2239 1615 2365 1680 quo
2412 1597 2727 1663 recentio-'

334 1724 436 1770 res
481 1705 582 1769 uti
626 1700 914 1768 solebant
958 1701 1152 1768 verbo
1197 1699 1545 1782 ἀφανίζειν.
1597 1700 1692 1768 Of.
1748 1701 1879 1768 405
1918 1723 2053 1789 sqq.
2094 1707 2160 1768 et
2196 1705 2475 1770 narratio
2508 1712 2565 1769 A
2592 1701 2725 1769 590

335 1829 473 1895 sqq.
520 1806 593 1874 Si
637 1808 794 1875 haec
840 1813 937 1875 est
982 1807 1108 1875 loci
1152 1810 1465 1875 sententia
1483 1855 1500 1888 ‚
1540 1810 1830 1894 sequitur
1870 1813 1947 1874 ut
1984 1811 2117 1874 iam
2152 1807 2497 1877 Homerica
2518 1813 2727 1876 aetate

335 1915 654 1982 exstiterit
691 1917 759 1981 in
799 1911 1069 1982 Graecis
1105 1913 1384 1980 crudelis
1424 1913 1815 1981 consuetudo
1852 1914 2175 1982 occidendi
2214 1914 2448 1982 liberos
2470 1935 2727 2002 corpore
2779 1929 2785 1934 ·

333 2022 570 2090 vitioso
616 2025 808 2107 atque
853 2019 1141 2086 deformi.
1235 2017 1410 2086 Nam
1455 2019 1534 2086 de
1578 2039 1799 2087 recens
1841 2025 1993 2086 nato
2038 2020 2323 2088 Vulcano
2367 2041 2723 2088 sermonem
2755 2059 2757 2062 >
2816 2077 2823 2082 .

336 2147 472 2193 esse
517 2129 813 2213 apparet,
862 2146 980 2192 nec
1027 2144 1100 2192 ea
1146 2145 1246 2192 res
1292 2124 1556 2194 fortasse
1600 2126 1831 2194 fefellit
1876 2125 2285 2195 scholiastem
2335 2138 2379 2193 Β
2400 2176 2417 2205 ,
2464 2129 2579 2214 qui
2622 2133 2725 2195 ta·

334 2251 488 2298 men
525 2231 907 2318 perabsurde
951 2230 1184 2298 collato
1229 2240 1290 2297 T
1343 2231 1474 2298 110
1521 2233 1716 2300 verba
1759 2241 1917 2308 τῆλε
1962 2234 2234 2300 πεσόντα
2283 2232 2557 2321 explicat
2602 2237 2725 2302 sci·

333 2336 491 2405 licet
533 2339 683 2418 ‘cap'
728 2337 1022 2420 Ὠκεανῷ
1068 2337 1392 2418 τεχθέντα.

427 2559 482 2617 Τ
534 2546 640 2617 74.
699 2548 1126 2635 Posteaquam
1173 2547 1459 2615 Achilles
1502 2550 1571 2615 in
1616 2551 1896 2638 gratiam
1944 2552 2139 2619 rediit
2182 2573 2333 2620 cum
2378 2554 2721 2642 Agamem·

333 2676 499 2724 none
517 2703 536 2737 ‚
577 2657 866 2743 sequitur
908 2674 1131 2722 versus
1173 2654 1313 2723 hiet

655 2757 731 2836 ὣς
779 2760 1001 2843 ἔφατ’,
1047 2762 1100 2827 οἱ
1149 2762 1202 2827 δ’
1253 2762 1677 2844 ἐχάρησαν
1726 2764 2078 2843 ἐυκνήμιδες
2125 2766 2403 2849 Ἀχαιοί.

425 2868 524 2935 Ex
560 2870 850 2954 sequenti
884 2888 1036 2935 vero
1077 2866 1590 2955 Agamemnonis
1637 2872 1918 2937 oratione
1934 2918 1951 2950 ,
2017 2874 2200 2938 cuius
2245 2872 2579 2939 exordium
2600 2920 2617 2953 ‚
2667 2874 2725 2939 si
2808 2910 2815 2915 -

334 2994 560 3043 versus
604 2976 696 3041 sic
715 3002 721 3009 ·
741 2974 1048 3041 scribitur
1066 3022 1084 3051 ‚
1135 2978 1233 3040 est
1279 2975 1436 3041 satis
1479 2974 1861 3042 obscurum:

431 3077 474 3145 ὦ
519 3082 731 3164 φίλοι,
781 3078 960 3160 ἥρωες
1009 3080 1284 3159 Δαναοί,
1331 3080 1690 3161 θεράποντες
1730 3080 1952 3163 '‘Apnoc
1971 3132 1989 3169 ‚

427 3186 681 3261 ἕςαότος
725 3187 840 3265 μεν
886 3186 1081 3253 καλὸν
1127 3186 1468 3271 ἄκουέμεν,
1518 3210 1546 3251 0
1567 3188 1654 3254 ὖδ
1673 3188 1700 3253 ὲ
1748 3185 2009 3254 ἔοικεν

428 3292 928 3372 ὑββάλλειν·
977 3294 1269 3390 χαλεπὸν
1315 3294 1441 3375 γαρ
1491 3294 1843 3376 ἐπιςαμένῳ
1891 3319 2005 3377 περ
2054 3295 2232 3365 ἐόντι.

433 3400 726 3480 ανδρῶν
773 3399 826 3464 δ’
867 3400 942 3463 ἐν
987 3400 1266 3481 πολλῶ
1315 3400 1584 3483 ὁμάδῳ
1628 3404 1789 3473 πῶς
1826 3400 1973 3468 κέν
2022 3426 2146 3473 τις
2194 3402 2493 3469 ἀκούοι.
2542 3404 2671 3471 κτὲ.

433 3506 772 3592 suspiceris
835 3505 1114 3573 Achivos
1171 3525 1322 3592 prae
1375 3508 1613 3595 gaudio
1682 3507 2043 3575 exultantes
2088 3510 2541 3579 tumultuatos
2556 3530 2689 3577 esse
2707 3559 2727 3596 ,

339 3630 606 3698 eamque
649 3630 786 3677 rem
833 3612 1117 3697 priscum
1165 3614 1382 3678 vate'm
1427 3610 1817 3701 significasse
1862 3613 2139 3679 canendo

833 3708 890 3781 οἳ
935 3714 992 3781 δ’
1041 3716 1460 3795 ὁμάδησαν
1509 3718 1862 3796 ἐυκνήμιδες
1912 3718 2203 3800 ’Azata‘

339 3827 451 3891 aut
495 3820 624 3890 alio
667 3822 872 3889 simili
917 3822 1126 3890 modo.

429 3928 612 4009 Quod
672 3929 942 3997 verbum
990 3927 1244 4007 δμαδεῒν
1289 3928 1476 3996 hodie
1523 3928 1973 3996 tantummodo
2020 3934 2279 4017 apparet
2324 3930 2393 3997 in
2440 3930 2726 4020 Odyssea

339 4035 680 4103 fortuitum
743 4056 879 4103 esse
939 4040 1148 4121 potest
1163 4086 1183 4111 ,
1245 4035 1565 4121 siquidem
1621 4035 2098 4105 substantivum
2146 4033 2373 4116 ὅμαδος
2422 4040 2727 4107 terdecies

337 4139 580 4231 legitur
623 4143 694 4207 in
738 4140 943 4207 Iliade
961 4190 979 4220 ,
1031 4139 1231 4207 semel
1279 4144 1535 4207 tantum
1581 4144 1651 4207 in
1700 4140 2001 4229 Odyssea.

435 4359 486 4420 Φ
537 4350 668 4419 396
747 4457 782 4537 ἢ
830 4458 899 4533 οὔ,
943 4456 1150 4546 μέμνῃ
1193 4452 1292 4527 ὅτε
1340 4459 1642 4540 Τυδεΐδην
1691 4460 1985 4545 Διομήδε’
2040 4464 2273 4545 ἀνῆκας
