3414 5158
1381 1151 2142 1244 PINDARICA.

1607 1393 1893 1444 suman·

1474 1591 1539 1659 S.
1589 1593 1668 1660 A.
1716 1590 2031 1659 HABER-

1621 1922 1927 1955 ..ᾤ

649 2195 1002 2263 Pindarum
1039 2196 1328 2282 quisquis
1368 2194 1586 2262 studet
1627 2192 1963 2261 emendare
1977 2240 1996 2270 ,
2040 2191 2314 2258 arduum
2337 2192 2663 2278 imprimis
2686 2194 2954 2279 suscipit

562 2305 897 2392 negotium
955 2289 1020 2368 et
1065 2321 1266 2387 quum
1314 2301 1526 2387 prodit
1569 2302 1638 2366 in
1684 2319 1940 2366 scenam
1988 2305 2132 2384 post
2176 2297 2571 2364 Boeckhium
2628 2297 2911 2386 aliosque
2926 2346 2947 2379 ,

563 2411 674 2495 qui
719 2411 788 2475 in
837 2409 956 2474 hoc
994 2407 1328 2475 literarum
1366 2427 1590 2494 campo
1631 2407 1757 2472 sibi
1794 2405 2229 2472 immortalem
2252 2403 2510 2472 laudem
2536 2410 2914 2492 pepererunt
2930 2453 2949 2486 ‚

564 2535 895 2583 summum
959 2513 1323 2601 periculum
1381 2520 1477 2581 eet
1537 2535 1616 2581 ne
1679 2533 1827 2578 cum
1860 2511 2066 2604 ⁸sibilo
2110 2514 2470 2599 excipiatur
2514 2516 2580 2578 et
2625 2533 2704 2578 ex
2748 2512 2953 2578 stadio

560 2622 859 2689 iubeatur
903 2621 1226 2688 facessere.
1319 2619 1490 2688 Hinc
1537 2621 1773 2686 dixerit
1814 2620 2133 2705 quispiam
2180 2640 2247 2685 se
2287 2620 2513 2684 mirari
2530 2666 2549 2695 .
2590 2618 2758 2703 quod
2799 2617 2952 2685 alio-

554 2749 700 2795 rum
762 2727 1099 2815 naufragia
1161 2748 1266 2793 me
1327 2747 1454 2793 non
1515 2731 1778 2791 cautum
1826 2726 2125 2803 fecerint3
2178 2724 2549 2809 desipientis
2596 2727 2770 2791 enim
2818 2744 2952 2791 esse

555 2834 812 2919 culpam
849 2833 1170 2919 deprecari
1207 2832 1404 2897 malle
1446 2851 1640 2917 quam
1676 2850 1803 2897 non
1842 2831 2283 2915 committere3
2329 2830 2439 2897 sed
2476 2829 2679 2898 habeo
2727 2835 2951 2898 tamen

554 2941 788 3026 quibus
834 2958 942 3004 me
989 2943 1170 3003 tuear
1187 2984 1202 3013 ,
1255 2938 1509 3003 etiamsi
1555 2935 1887 3001 decurrere
1933 2933 2134 3001 nolim
2182 2935 2263 3002 ad
2307 2936 2707 3003 decantatam
2748 2937 2950 3005 Phae-

551 3046 794 3112 thontis
858 3045 1353 3110 excusationem.
1449 3041 1618 3109 Nam
1680 3043 1760 3107 si·
1791 3041 1933 3128 quis
1980 3061 2097 3107 suo
2144 3041 2357 3109 Marte
2402 3064 2723 3111 recensere
2768 3044 2943 3111 volet

551 3154 768 3217 omnia
831 3148 1120 3227 Pindari.
1155 3151 1442 3215 carmina
1502 3153 1567 3215 et
1613 3167 1848 3215 novam
1892 3168 2115 3235 parare
2162 3148 2508 3217 editionem
2522 3198 2541 3228 ,
2589 3151 2741 3217 huic
2788 3171 2946 3237 opus

553 3258 676 3321 erit
738 3260 993 3341 poetam
1051 3256 1353 3340 tanquam
1405 3254 1645 3342 digitos
1689 3274 1838 3320 suos
1882 3274 2064 3320 nosse
2110 3258 2175 3319 et
2218 3261 2363 3340 post
2408 3256 2777 3340 improbum
2825 3257 2942 3323 ali-

549 3367 704 3447 quot
743 3381 1052 3427 annorum
1101 3358 1384 3427 laborem
1432 3360 1692 3427 tandem
1730 3360 1993 3426 fortasse
2032 3358 2274 3445 aliquid
2318 3358 2658 3447 aliquando
2696 3364 2945 3450 pariet,

549 3468 718 3553 quod
764 3468 883 3533 hac
931 3466 1264 3533 literarum
1313 3465 1456 3532 luc‘e
1502 3465 1777 3554 dignum
1823 3467 1927 3531 sit.
2024 3464 2171 3532 Mea
2218 3472 2433 3533 autem
2478 3470 2645 3535 ratio
2692 3468 2940 3537 diversa

547 3578 662 3639 est.
758 3574 930 3638 Anni
991 3577 1141 3638 sunt
1202 3572 1400 3637 ferme
1461 3572 1735 3659 viginti,
1796 3591 1874 3635 ex
1935 3590 2061 3656 quo
2120 3570 2403 3657 aliquam
2450 3594 2599 3647 cum
2659 3573 2937 3642 Pindaro

543 3677 1051 3745 familiaritatem
1117 3679 1403 3744 contraxi
1459 3682 1601 3762 post
1657 3677 1909 3761 saepius
1968 3680 2310 3764 repetitam
2368 3678 2708 3746 lectionem
2756 3700 2938 3767 prae-

543 3782 696 3850 clari
762 3782 914 3849 libri
983 3782 1061 3849 de
1129 3782 1390 3849 Pindari
1457 3780 1617 3849 Vita
1686 3786 1753 3848 et
1817 3778 2227 3849 Carminibus
2245 3831 2261 3863 ‚
2324 3805 2515 3871 quem
2581 3784 2937 3873 Leopoldus

541 3886 941 3956 Schmidtius
987 3890 1276 3974 scripsit,
1327 3890 1510 3954 cuius
1557 3887 1817 3975 elegans
1862 3890 2200 3975 ingenium
2246 3894 2311 3955 et
2358 3888 2619 3956 doctum
2665 3872 2951 3959 acumen

540 3994 920 4061 iamdudum
985 4014 1361 4083 cognoram,
1416 4013 1540 4079 quo
1589 3998 1876 4079 tempore
1922 4013 2029 4059 me
2074 3992 2329 4061 Bonnae
2376 4015 2681 4081 perquam
2728 3997 2921 4063 fami-

538 4098 783 4165 liariter
846 4103 1130 4185 excepit,
1194 4098 1379 4165 credo
1441 4083 1698 4185 propter
1762 4119 2174 4165 communem
2219 4100 2503 4167 amicum
2558 4100 2933 4191 Eugenium

533 4202 934 4283 Homerum,
983 4206 1210 4285 Φιλίων
1260 4202 1312 4269 δ’
1363 4203 1554 4270 ἐπέων
1600 4202 1867 4285 ἄρχετο,
1919 4202 2130 4282 ξείνοις
2170 4201 2215 4272 ἅ
2254 4208 2312 4270 τ’
2356 4206 2733 4274 ἐλθόντεσσιν
2772 4202 2933 4289 εὖέρ·

538 4308 723 4388 yla-ou
790 4307 990 4376 δεῖπν’
1055 4309 1524 4390 ἐπαγγέλλοντι
1586 4310 1841 4391 πρῶτον.
1937 4308 2064 4377 Sed
2118 4316 2194 4377 ut
2238 4310 2397 4378 illuc
2442 4312 2730 4390 redeam,
2779 4334 2930 4380 nam

535 4415 868 4503 populares
929 4422 1096 4483 certe
1157 4419 1290 4483 mei
1348 4436 1725 4505 cognoscere
1790 4420 2134 4505 potuerunt
2178 4437 2340 4504 quae
2384 4416 2545 4485 olim
2588 4416 2927 4487 vernaculo
