3414 5158
646 379 779 447 230
1673 400 1977 450 onrssm.

645 584 768 629 nou
826 584 1023 649 aequo
1070 566 1282 630 animo
1329 566 1564 631 carebit
1612 567 1858 632 obiecto
1904 568 2081 632 verbi
2128 566 2312 645 ῥαίειν
2328 614 2347 649 ,
2398 586 2719 651 quumque
2764 568 2829 631 iu
2878 586 3013 651 pro-

646 672 768 736 tasi
826 670 998 736 haud
1059 670 1252 735 dubie
1297 691 1454 757 opus
1501 674 1587 735 sit
1633 672 1849 737 futuro
1868 720 1884 748 ,
1933 671 2203 737 libenter
2248 673 2541 757 probabit
2586 671 3009 737 coniecturam

647 796 897 842 meam:

1006 885 1056 949 εἶ
1107 884 1160 949 δ’
1208 883 1288 951 αὖ
1327 910 1420 959 τις
1467 886 1659 965 ῥαίσει
1710 911 1791 962 με
1841 889 1980 952 θεῶν
2026 888 2105 951 ένὶ
2170 886 2382 953 νοΙνοπι
2432 885 2629 966 πόντῳ

1004 992 1336 1067 τλήσομαι.

647 1116 775 1180 quo
816 1098 1010 1162 etiam
1053 1098 1278 1165 ducere
1327 1098 1580 1164 videtur
1627 1102 1803 1165 varia
1846 1099 2035 1165 lectio
2082 1100 2328 1179 ραίσειε.

735 1327 776 1377 λ
829 1312 956 1379 193
1031 1313 1126 1381 De
1172 1312 1429 1379 Laerta:

1009 1423 1212 1501 πάντῃ
1256 1444 1334 1485 τοι
1383 1420 1555 1484 κατὰ
1600 1420 1815 1497 γουνὸν
1862 1423 2069 1493 ἀλωῆς
2118 1420 2457 1487 τοινοπέδοιο

1001 1526 1259 1607 Φύλλων
1307 1526 1674 1603 κεκλιμένων
1728 1528 2070 1607 χθαμαλαὶ
2118 1526 2486 1604 βεβλήαται
2534 1524 2729 1591 εὐναί.

646 1633 811 1713 Quid
856 1636 944 1698 sit
987 1634 1214 1713 φύλλα
1261 1632 1604 1708 κεκλιμένα
1649 1636 1809 1699 scire
1856 1633 2186 1718 pervelim.
2235 1632 2479 1699 Interea
2518 1633 2801 1717 suspicor
2822 1644 3021 1695 κεκλι-

644 1740 820 1819 μένῳ.
873 1739 1108 1820 Quodsi
1153 1760 1344 1824 quem
1391 1740 1727 1805 verborum
1778 1747 2097 1805 structura
2144 1739 2402 1805 offendit
2448 1740 2859 1823 (quamquam
2904 1737 3020 1803 du-

645 1846 772 1910 rior
815 1867 938 1911 non
985 1853 1080 1912 est
1125 1866 1318 1931 quam
1366 1867 1421 1910 e.
1471 1868 1570 1933 gr.
1619 1870 1670 1911 ιι·
1718 1844 1836 1911 42:
1888 1848 1973 1924 τῷ
2026 1846 2076 1911 δ’
2122 1842 2288 1924 ἕδρης
2340 1846 2563 1909 ἐπιόντι
2614 1847 2822 1923 πατὴρ
2872 1842 3020 1907 ὑπό-

645 1950 828 2029 νειξεν
875 1952 1274 2034 Ὀδυσσεύς),
1324 1958 1532 2037 potest
1573 1973 1769 2036 parva
1816 1955 2297 2038 transpositione
2342 1950 2677 2029 κεκλιμένῳ
2696 2000 2714 2025 ,
2762 1949 3023 2032 φύλλων

644 2056 880 2145 legere.

597 2180 604 2188 ·
737 2162 1072 2231 Facillime
1119 2164 1263 2230 tolli
1317 2166 1543 2231 vitium
1595 2170 1807 2251 potest
1850 2190 1901 2242 μ
1953 2164 2077 2231 43:

1097 2271 1485 2352 παρίσταται
1527 2270 1659 2337 οὐδὲ
1703 2270 2012 2349 γάνυνται
2080 2272 2154 2337 L.
2204 2271 2571 2351 παρίσταντ’

741 2509 792 2561 μ
843 2482 974 2551 383
1051 2484 1161 2551 801
1205 2489 1300 2553 ita
1343 2487 1662 2551 minatur:

1052 2593 1312 2671 δύσομαι
1361 2595 1446 2666 εἷς
1500 2593 1713 2660 Ἀίδαο
1764 2619 1868 2659 και
1920 2595 1978 2660 ἐν
2028 2594 2300 2660 νεκύεσσι
2348 2594 2605 2671 (Datim.

646 2697 789 2764 Non
835 2705 1043 2786 potest
1087 2703 1178 2765 ita
1223 2701 1665 2767 coniunctivae
1710 2701 1927 2766 aoristi
1974 2721 2117 2765 cum
2170 2701 2384 2766 futuro
2430 2700 2753 2786 coniungi.
2848 2699 3025 2764 Sim-

647 2805 1072 2891 plicissimum
1119 2809 1373 2873 videtur
1421 2809 1510 2873 sic
1556 2810 1907 2895 corrigere:

1099 2913 1362 2990 δύσομαι
1411 2937 1496 2984 εις
1538 2911 1831 2978 ΜἈίδαο
1799 2937 1851 2977 ιν
1922 2913 1983 2976 έν
2028 2915 2299 2978 νεκύεσσι
2346 2913 2601 2995 Φαείνα.

737 3124 775 3201 ξ
820 3122 907 3190 87
977 3125 1298 3192 Eumaeus
1341 3127 1464 3192 hoc
1506 3135 1888 3214 argumento
1932 3131 2139 3193 utitur
2158 3175 2173 3203 ,
2225 3147 2351 3212 quo
2388 3149 2720 3214 procorum
2760 3130 3027 3192 iniurias

647 3233 866 3297 acerbe
925 3233 1272 3316 improbet:
1324 3234 1534 3298 hostes
1585 3235 1845 3318 quidem
1894 3255 2079 3320 saepe
2126 3238 2443 3319 impetum
2492 3236 2735 3300 faciunt
2780 3237 2847 3300 in
2894 3241 3025 3300 ter-

653 3357 789 3402 ram
841 3337 1112 3402 alienam
1134 3386 1150 3414 ,
1198 3345 1263 3403 et
1311 3339 1464 3404 Iove
1512 3339 1765 3405 volente
1812 3341 2073 3425 praedas
2124 3347 2329 3428 agunt

741 3441 827 3509 8'7
922 3442 1308 3522 πλησάμενοι
1357 3444 1421 3509 δέ
1469 3469 1540 3510 τε
1587 3452 1737 3519 νῆας
1788 3444 1945 3522 ἔβαν
1994 3445 2247 3512 τοῒκόνδε
2296 3447 2527 3511 νέεσθαι

739 3547 828 3615 88
918 3549 1023 3613 καὶ
1077 3550 1188 3627 μὲν
1237 3550 1389 3616 τοῒσ’
1437 3550 1636 3624 ὄπιδος
1687 3555 1971 3632 κρατερὸν
2019 3552 2171 3624 δνέοο
2223 3555 2283 3616 ἐν
2328 3551 2511 3631 Φρεσὶ
2562 3555 2796 3618 πίπτει.

650 3653 794 3722 Non
859 3656 1042 3722 credo
1103 3677 1209 3722 eos
1267 3658 1463 3724 fuisse
1508 3660 1790 3745 antiquis
1835 3659 2228 3744 temporibus
2275 3679 2482 3724 mores
2527 3659 2895 3742 hominum,
2954 3667 3029 3724 ut

649 3765 777 3826 iam
827 3763 1097 3828 navibus
1142 3764 1427 3849 impletis
1447 3812 1463 3843 ,
1513 3771 1577 3830 et
1621 3771 1796 3830 terra
1839 3765 2117 3831 hostium
2166 3764 2419 3841 relicta,
2466 3765 2651 3831 facile
2698 3766 2777 3830 iis
2817 3765 3027 3850 aliqua

649 3868 874 3954 religio
931 3871 1108 3934 iniici
1170 3877 1398 3954 posset.
1461 3869 1769 3936 Videmus
1834 3877 2051 3936 autem
2102 3871 2459 3937 Eumaeum
2506 3872 2649 3937 ideo
2696 3893 3026 3957 procorum

646 3994 791 4038 cum
841 3974 1119 4040 hostium
1171 3976 1423 4041 iniuriis
1472 3997 1871 4062 comparare,
1922 3977 2085 4061 quod
2134 3976 2237 4040 illi
2283 3977 2542 4043 nolunt:

1381 4082 1614 4147 νέεσθαι
1662 4085 1763 4147 ἐπὶ
1814 4082 2066 4165 σφέτερ’
2114 4084 2291 4148 ἀλλὰ
2338 4083 2566 4156 εέκνιλοι

1010 4189 1312 4266 κτήματα
1360 4188 1805 4268 δαρδάπτουσιν
1856 4190 2139 4267 ὑπέρβιον
2187 4189 2309 4254 οὐδ’
2361 4190 2461 4254 ἐπὶ
2509 4188 2721 4272 φειδώ.

648 4291 812 4373 Quid
853 4299 1067 4358 autem
1106 4292 1358 4360 hostes?
1406 4294 1532 4360 Ubi
1575 4296 1957 4380 cupiditates
1996 4315 2141 4360 suas
2183 4296 2549 4381 explerunt,
2579 4296 2868 4363 hostibus
2892 4315 3027 4380 par·

646 4404 800 4462 cunt
849 4407 912 4463 et
959 4398 1224 4464 domum
1271 4406 1694 4465 revertuntur.
1746 4399 1949 4467 Credo
1995 4422 2146 4488 ergo
2194 4423 2318 4467 ves.
2370 4401 2457 4468 87
2508 4409 2574 4466 et
2621 4401 2707 4467 88
2748 4407 3028 4488 transpo-

648 4503 888 4569 nendos
933 4525 1087 4569 esse.
