3414 5158
1439 353 1677 414 mono.
2651 339 2737 408 59

343 518 535 587 bisve
582 526 723 605 post
768 522 1069 606 exiguam
1115 519 1652 605 intercapedinem
1700 521 1951 586 iteratis
1966 569 1981 596 ‚
2036 521 2299 587 vocibus
2345 523 2739 608 interpositis

350 630 470 691 aut
527 627 778 691 omissis
840 630 952 690 aut
1012 627 1110 692 bis
1167 628 1420 711 scriptis
1437 673 1454 702 ,
1503 626 1865 692 inciderunt
1910 625 2156 694 librarii
2204 627 2305 693 illi
2352 632 2736 696 vetustiores

349 729 560 796 nihilo
620 731 836 795 minus
905 750 1096 815 quam
1165 721 1560 798 recentiores.
1653 728 1755 797 Ita
1822 733 2053 796 uwdede
2121 752 2235 816 pro
2306 735 2466 798 unde
2482 783 2498 808 ,
2564 737 2603 819 ξ
2649 735 2737 801 26

353 837 576 901 diceret
647 837 852 901 biom-et
924 857 1040 922 pro
1103 838 1296 901 dicere
1370 839 1437 914 L,
1507 839 1544 922 ξ
1607 835 1693 902 39
1768 838 1983 904 simm.
2075 838 2246 916 „Icta
2318 841 2483 906 bona
2550 847 2743 927 atque

355 941 615 1008 honesta
675 941 898 1028 copia”
957 962 1074 1028 pro
1131 943 1236 1006 ilbi
1300 943 1610 1028 scriptum
1682 944 1940 1010 videtur
1996 945 2033 1028 ξ
2078 943 2205 1010 22:
2268 943 2567 1023 „Tullius
2615 952 2741 1014 sta-

353 1050 476 1112 tim
539 1047 920 1132 (disturbata
987 1047 1170 1134 villa)
1234 1048 1510 1114 dimittit
1571 1048 1651 1116 ad
1716 1051 1954 1115 amicos
1974 1097 1990 1128 ‚
2057 1070 2331 1135 quorum
2394 1072 2469 1118 ea
2514 1054 2743 1120 vicini-

353 1158 484 1220 tate
545 1160 686 1220 tum
747 1154 862 1221 illa
924 1155 1088 1220 bona
1147 1161 1336 1239 atque
1381 1155 1644 1222 honesta
1689 1157 1868 1240 copia
1913 1160 2165 1240 praesto
2215 1156 2405 1222 fuit”.
2459 1157 2599 1236 „Ex
2645 1160 2744 1225 vi·

353 1260 657 1326 ciuitate''
730 1259 1028 1339 Beierus,
1101 1262 1204 1339 „ei
1263 1261 1639 1328 vicinitate'’
1703 1261 1969 1338 Halm.;
2033 1262 2145 1328 sed
2198 1283 2315 1340 „ea
2360 1263 2737 1330 vicinitate”

353 1371 483 1432 eet:
546 1387 694 1432 cum
757 1365 915 1432 tales
976 1368 1218 1432 vicinos
1265 1367 1542 1432 haberet.
1612 1365 1753 1433 Hoc
1800 1369 2013 1452 ipsum
2063 1369 2167 1432 ilbi
2216 1369 2323 1435 vel
2366 1369 2533 1434 illico
2581 1367 2740 1437 Gra-

354 1493 568 1538 merus
585 1520 601 1550 ‚
663 1474 978 1559 posterius
1035 1475 1170 1540 sine
1231 1493 1438 1540 causa.
1511 1472 1678 1539 Loco
1724 1476 1994 1539 minime
2040 1474 2235 1540 dubio
2280 1475 2317 1558 ξ
2368 1473 2449 1539 31
2502 1475 2739 1558 ,defen-

354 1578 572 1644 derem’
612 1578 920 1664 scriptum
965 1585 1062 1644 est
1103 1599 1216 1663 pro
1239 1578 1628 1662 ,defendere’,
1653 1599 1801 1644 cum
1828 1584 2165 1664 sequatur:
2200 1600 2485 1662 „causam
2506 1581 2741 1646 tuam”.

447 1684 609 1749 Male
676 1686 946 1770 repetita
1017 1681 1324 1751 vocabula
1385 1683 1939 1769 deprehenduntur
1998 1687 2035 1769 ξ
2084 1683 2206 1750 34:
2274 1705 2437 1773 „ego
2506 1706 2631 1752 non
2674 1687 2742 1750 in

357 1810 482 1854 una
559 1811 626 1854 re
676 1789 841 1873 sola,
889 1789 1057 1874 quod
1101 1791 1266 1854 mihi
1315 1793 1471 1856 satis
1519 1801 1644 1867 est,
1695 1811 1897 1875 neque
1947 1793 2015 1856 in
2062 1793 2359 1858 universa
2408 1815 2475 1856 re
2518 1793 2707 1856 solum
2724 1838 2742 1872 ,

353 1901 508 1981 quod
547 1897 696 1960 mibi
739 1901 888 1961 satie
933 1903 1020 1960 est
1035 1943 1051 1974 ‚
1105 1897 1213 1962 sed
1261 1895 1423 1980 (cod.
1469 1897 1586 1982 set)
1633 1897 2019 1984 singillatim
2071 1897 2233 1984 (cod.
2283 1898 2633 1984 singilatim)
2674 1900 2744 1964 in

353 2002 651 2067 omnibus
727 2001 947 2068 dolum
1019 2000 1268 2066 malum
1333 2007 1550 2067 extare
1622 2001 1831 2069 dieo.'’
1902 2003 2115 2070 Verba
2184 2010 2404 2070 notata
2476 2001 2741 2070 mirifice

349 2107 590 2194 frigent
659 2111 722 2172 et
799 2106 1053 2173 exulare
1131 2107 1381 2173 debent.
1468 2107 1664 2173 Porro
1744 2129 1855 2194 pro
1920 2117 2003 2174 est
2074 2110 2482 2177 scribendum
2555 2117 2702 2176 esset
2722 2160 2742 2195 ‚

351 2234 512 2300 quae
580 2213 1050 2279 confunduntur
1112 2214 1306 2278 etiam
1369 2215 1406 2299 ᾖ
1453 2213 1582 2298 42;
1631 2217 1743 2299 qui
1786 2237 1908 2280 non
1953 2215 2029 2281 de
2076 2237 2203 2282 una
2250 2237 2317 2282 re
2364 2216 2499 2282 sola
2544 2217 2741 2283 verba

350 2321 532 2397 facit,
601 2340 726 2385 non
786 2325 995 2405 potest
1056 2319 1262 2385 dicere
1305 2319 1376 2384 id
1422 2320 1548 2385 sibi
1592 2322 1748 2386 satis
1796 2340 1929 2386 esse
1956 2369 1971 2397 ,
2024 2323 2134 2386 sed
2180 2322 2474 2387 futurum
2523 2323 2749 2389 fuisse.

349 2425 482 2491 Nec
548 2427 738 2490 solum
805 2445 963 2511 opus
1033 2430 1169 2502 est,
1235 2446 1416 2490 secus
1475 2432 1641 2491 esset
1701 2428 1758 2491 si
1821 2431 2223 2511 sequeretur:
2277 2428 2427 2504 „sed
2476 2427 2738 2494 etiam.”

351 2532 703 2600 Aberravit
744 2533 993 2598 librarii
1038 2531 1262 2597 oculus
1309 2531 1389 2597 ad
1438 2532 1732 2616 superius
1780 2554 1847 2596 rc
1892 2534 2047 2598 sola.

442 2638 621 2706 Idem
684 2638 924 2705 factum
990 2658 1124 2703 esse
1182 2638 1219 2721 ξ
1265 2635 1351 2701 29
1416 2637 1658 2704 iudicat
1724 2636 2023 2703 Kellerus
2042 2685 2057 2714 ‚
2123 2658 2313 2721 quem
2384 2644 2738 2723 sequuntur

350 2744 657 2811 Halmius
719 2751 784 2810 et
831 2743 1190 2831 Kayserus:
1246 2741 1432 2827 „plus
1466 2742 1710 2827 (valet)
1763 2741 1994 2809 Claudi
2042 2744 2289 2830 (causa,
2340 2746 2423 2828 si)
2471 2745 2737 2809 interdi-

351 2854 518 2917 citur
537 2898 553 2928 ‚
614 2851 782 2916 unde
845 2848 988 2915 dolo
1048 2847 1222 2914 malo
1284 2868 1428 2914 meo
1474 2852 1544 2915 vi
1590 2848 1873 2914 deiectus
1928 2852 2013 2913 sit
2030 2898 2049 2933 ,
2096 2869 2289 2934 quam
2336 2852 2393 2915 si
2440 2849 2731 2928 daretur,

349 2956 518 3022 unde
564 2977 601 3022 a
649 2977 752 3020 me
798 2957 866 3021 vi
913 2954 1194 3020 deiectus
1241 2961 1424 3020 esset.
1503 2953 1670 3019 Nam
1720 2957 1788 3019 in
1835 2955 1954 3021 hoc
2001 2957 2341 3040 posteriore
2360 3003 2378 3033 ,
2426 2958 2553 3021 nisi
2600 2960 2735 3042 ipse

351 3068 610 3150 egomet
669 3062 1035 3127 deiecissem
1057 3111 1074 3138 ,
1137 3063 1455 3128 vincerem
1521 3062 1961 3145 sponsionem;
2026 3064 2095 3126 in
2158 3061 2274 3128 illo
2322 3064 2527 3147 priore
2546 3110 2566 3146 ‚
2620 3064 2736 3129 ubi

351 3168 533 3235 dolus
597 3168 810 3234 malus
869 3167 1124 3233 additur
1141 3214 1158 3245 ,
1207 3169 1342 3233 sive
1389 3165 1725 3232 consilium
1772 3168 2032 3233 inissem
2052 3216 2067 3245 ,
2120 3170 2257 3233 sive
2303 3173 2428 3251 ipse
2476 3168 2736 3234 deiecis-

349 3296 483 3341 sem
503 3321 519 3353 ,
567 3295 818 3340 necesse
864 3279 998 3339 erat
1045 3276 1132 3356 [te
1175 3272 1634 3358 omittendum]
1686 3272 1830 3339 dolo
1879 3272 2051 3339 malo
2099 3294 2241 3340 meo
2294 3276 2361 3341 vi
2410 3273 2733 3341 deiectum

348 3379 676 3447 iudicari.”
738 3378 970 3445 Omnia
1013 3378 1234 3463 plana:
1285 3377 1468 3443 dolus
1515 3377 1725 3443 malus
1770 3381 1966 3445 etiam
2015 3381 2149 3445 sine
2198 3380 2365 3446 facto
2414 3400 2549 3447 esse
2593 3388 2734 3468 pot-

348 3490 478 3561 est;
541 3488 598 3550 si
658 3484 840 3550 dolus
898 3484 1106 3549 malus
1162 3484 1426 3568 punitur
1443 3534 1460 3569 ,
1524 3504 1793 3569 poenam
1855 3491 2136 3551 meretur
2200 3491 2338 3551 tam
2387 3489 2499 3571 qui
2544 3489 2699 3555 fecit
2716 3536 2732 3566 ‚

347 3611 540 3676 quam
591 3593 703 3676 qui
748 3588 1084 3656 consilium
1124 3590 1394 3656 faciendi
1431 3592 1578 3655 iniit
1617 3592 1753 3656 sive
1793 3590 2067 3656 alterum
2109 3592 2374 3676 impulit
2397 3593 2476 3658 ad
2500 3596 2733 3659 facien-

348 3697 536 3775 dum;
596 3699 651 3762 si
700 3696 880 3762 dolus
925 3696 1136 3761 malus
1181 3718 1260 3761 ex
1305 3696 1582 3762 formula
1629 3698 1955 3762 omittitur
1999 3696 2211 3762 solum
2256 3696 2501 3762 factum
2551 3700 2735 3783 puni-

346 3810 468 3869 tur.
567 3802 690 3869 Sed
751 3804 878 3886 ipse
937 3805 1004 3867 in
1069 3802 1186 3867 hac
1249 3802 1372 3867 loci
1433 3802 1638 3867 forma
1703 3803 1973 3865 minime
2034 3804 2457 3867 necessarium
2508 3808 2605 3868 est
2653 3804 2733 3869 ad

343 3910 801 3995 oppositionem
851 3911 1017 3973 inter
1070 3906 1446 3991 „consilium
1496 3904 1690 3970 inire''
1740 3911 1805 3971 et
1855 3905 2205 3983 „deicere.’'
2254 3904 2514 3973 Scilicet
2562 3907 2734 3974 male

343 4015 642 4081 videntur
708 4013 902 4081 verba
961 4013 1193 4078 codicis
1257 4018 1323 4075 ut
1384 4012 1446 4075 vi
1505 4011 1838 4077 deiceretur
1901 4018 2045 4097 post
2105 4013 2342 4077 ini-reem
2388 4033 2425 4078 a
2472 4013 2731 4080 Kellero

344 4122 596 4186 omissa.
648 4119 888 4184 Parum
929 4117 1252 4203 probabile
1289 4124 1415 4201 est,
1459 4116 1706 4183 librarii
1745 4116 1958 4183 oculos
1996 4124 2138 4203 post
2172 4118 2553 4198 „consilium
2578 4123 2731 4187 inis-

342 4225 521 4292 sem’'
561 4227 754 4290 decem
792 4227 860 4290 in
901 4223 1115 4290 codice
1155 4223 1442 4289 versibus
1481 4224 1800 4290 aberrasse
1836 4229 2025 4309 atque
2049 4225 2197 4291 inde
2222 4246 2369 4291 eum
2394 4224 2511 4292 illa
2538 4226 2733 4293 verba

347 4336 460 4415 „ut
496 4334 566 4399 vi
606 4329 992 4398 deiceretur”
1031 4330 1418 4415 repetivisse.
1470 4328 1609 4395 Imo
1651 4348 1821 4396 recte
1854 4334 2143 4415 opposita
2166 4334 2729 4410 sunt„consi1ium

333 4438 478 4511 ineo
515 4441 590 4503 ut
629 4434 992 4513 deiciatur-’2
1035 4436 1344 4501 nimirum
1370 4436 1449 4503 ab
1475 4434 1602 4501 alio
1623 4483 1640 4513 ,
1667 4441 1733 4502 et
1759 4436 1927 4521 „istm
1951 4435 2213 4503 deicio.”
2259 4433 2476 4507 Codex
2498 4438 2721 4507 habet:
