3414 5158
1353 388 1755 440 naonorus.
2546 395 2557 405 ·
2614 370 2747 439 259

447 557 700 625 Vitiose
763 557 1045 623 abundat
1103 559 1542 639 Φρονήσαντες.
1639 555 1809 637 Quid
1856 557 2077 621 tritius
2122 575 2313 641 quam
2364 555 2422 621 οἵ
2465 578 2594 629 πως
2615 602 2632 633 ,
2682 554 2752 633 ἥν

357 687 484 735 πως
503 711 523 749 ,
587 661 658 729 αἵ
717 664 818 731 κέν
866 688 993 738 πως
1013 713 1031 748 ,
1079 662 1136 728 εἴ
1181 688 1297 736 κως
1319 713 1337 749 ,
1389 664 1444 728 si
1491 663 1634 748 quis
1678 665 1960 729 incertae
2004 664 2099 727 rei
2146 662 2301 729 facit
2348 660 2749 748 periculum?

361 768 588 837 Graeci
633 767 880 858 legatos
926 772 1242 837 miserunt
1285 769 1588 853 aperturi
1633 788 1715 833 an
1762 774 1897 835 tota
1945 765 2213 837 Graecia
2258 770 2327 833 in
2364 788 2569 834 unum
2608 770 2756 856 cogi

359 880 584 960 posset.

448 1102 585 1170 Vll.
657 1104 824 1171 145:
885 1106 1358 1185 συλλεγομένων
1417 1108 1482 1173 δὲ
1549 1108 1608 1177 ἐς
1677 1107 1877 1173 τωύτὸ
1942 1109 2063 1172 τῶν
2123 1106 2259 1187 περὶ
2306 1107 2415 1181 τὴν
2464 1105 2751 1174 Ἐλλάδα

361 1212 706 1298 [Ἑλλήνων
753 1214 904 1298 τῶν]
953 1214 1040 1278 τὰ
1089 1213 1320 1291 ἀμείνω
1366 1210 1755 1295 φρονεόντων.

449 1315 832 1384 Rectissime
879 1318 1132 1386 Bekker
1177 1319 1486 1405 expunxit
1533 1319 1845 1394 Ἑλλήνων
1889 1325 2030 1385 τῶν.
2076 1320 2155 1385 cf.
2206 1339 2340 1404 cap.
2396 1317 2561 1387 172:
2624 1318 2752 1386 ἀπὸ

361 1430 479 1489 τῶν
525 1423 752 1490 πολίων
798 1430 916 1490 τῶν
961 1426 1046 1491 τὰ
1095 1427 1326 1505 ἀμείνω
1377 1427 1779 1509 φρονεουσέων
1833 1425 1966 1507 περὶ
2016 1427 2127 1499 τὴν
2172 1423 2480 1491 Ἐλλάδα.

454 1671 603 1739 VII.
654 1670 819 1739 145:
874 1672 960 1737 τὰ
1010 1674 1072 1738 δὲ
1119 1672 1382 1746 Γέλωνος
1437 1672 1795 1753 πρήγματα
1845 1671 2116 1751 μεγάλα
2163 1670 2416 1750 ἐλέγετο
2467 1662 2618 1736 εἶναι
2666 1670 2760 1735 οὗ·

363 1779 576 1857 δαμῶν
623 1786 995 1855 ’Ἑλληνικῶν
1041 1787 1242 1845 ΤΩΝ
1293 1782 1358 1845 οὐ
1408 1780 1635 1844 πολλὸν
1683 1777 1894 1861 μείζω.

449 1886 527 1951 In
593 1884 710 1951 tali
769 1908 837 1952 re
888 1886 1126 1952 dicitur
1171 1885 1360 1959 οὐδείς
1411 1882 1578 1957 ὅστις
1626 1886 1728 1965 οὗ,
1780 1884 2013 1957 οὐδενὸς
2062 1878 2203 1949 ὅτου
2250 1884 2358 1961 οὐ,
2408 1882 2599 1950 οὐδενὶ
2644 1877 2761 1963 ὅτῳ

361 1992 428 2057 οὐ
452 2042 468 2069 ,
521 1998 586 2059 et
633 1996 700 2058 in
747 1992 984 2079 plurali
1033 1990 1274 2060 οὐδένων
1321 1990 1524 2073 (Iones
1569 1993 1877 2080 οὐδαμῶν)
1920 1989 2209 2057 ‘oTnN
2250 1988 2481 2077 (ὅτεων)
2522 1991 2623 2069 οὗ,
2667 1988 2763 2054 id-

367 2120 490 2187 que
537 2100 986 2185 reponendum.

453 2328 599 2395 VII.
654 2327 820 2394 146:
869 2328 959 2395 ἔτι
1006 2330 1356 2411 περιεόντας
1407 2328 1633 2402 αὐτοὺς
1685 2328 2043 2409 κατέλαβον
2092 2328 2197 2397 καὶ
2236 2326 2442 2409 Ἠγον
2504 2330 2565 2402 ές
2619 2328 2759 2409 ὄψιν

364 2438 476 2513 τὴν
524 2434 843 2514 βασιλέος.
2294 2424 2299 2429 ’

455 2540 628 2630 Lege
666 2542 988 2621 Ἤγαγον.
1037 2542 1352 2629 Perpetua
1396 2542 1596 2609 ferme
1642 2542 1711 2608 in
1756 2541 1941 2608 libris
1986 2541 2141 2609 haec
2188 2542 2473 2609 confusio
2520 2546 2635 2608 est.
2682 2542 2763 2609 In

371 2645 601 2714 Codice
646 2649 710 2714 R
751 2649 986 2716 diserte
1031 2649 1278 2728 ἤγαγον
1324 2651 1636 2736 scriptum
1684 2659 1799 2714 est.

455 2877 602 2946 VII.
658 2877 823 2945 150:
875 2877 967 2947 ἔτι
1018 2877 1080 2943 δὲ
1127 2875 1321 2951 ἄλλος
1370 2876 1555 2956 λόγος
1605 2875 1943 2955 λεγόμενος
1993 2913 2079 2926 —-
2126 2879 2203 2948 ὥς
2248 2873 2465 2957 Ξέρξης
2508 2874 2762 2960 ἔπεμψε

367 2987 601 3066 κήρυκα
669 2988 728 3058 ἐς
787 2990 1020 3067 ’Ἄργος
1072 3024 1155 3035 -
1207 2983 1463 3051 ἐλθόντα
1527 2984 1590 3050 δὲ
1644 2989 1856 3050 τοῦτον
1904 2981 2227 3069 [λέγεται]
2273 2984 2503 3050 εἰπεῖν·
2552 2983 2762 3064 ἄνδρες

366 3095 632 3174 Ἀργεῖοι
682 3095 813 3158 κτὲ.

455 3199 674 3286 Inepte
721 3199 981 3278 λέγεται
1034 3199 1112 3265 de
1157 3219 1273 3264 suo
1321 3199 1592 3264 inseruit
1635 3200 1845 3264 nescio
1890 3199 2035 3284 quis
2082 3199 2193 3283 qui
2252 3194 2531 3264 Graecae
2586 3218 2762 3264 com-

359 3307 696 3391 positionis
757 3307 823 3369 in
889 3304 1127 3371 talibus
1173 3307 1483 3370 rationem
1532 3304 1885 3392 ignorabat.
1936 3303 2359 3370 Praecedente
2404 3307 2576 3370 enim
2626 3325 2763 3371 ora·

361 3414 531 3477 tione
575 3411 813 3477 directa
862 3411 939 3476 ab
986 3413 1062 3481 ὥς
1111 3408 1216 3476 vel
1261 3405 1352 3476 δ’τι
1399 3410 1775 3496 incipiente,
1826 3411 1892 3475 id
1942 3410 2108 3495 quod
2157 3412 2455 3476 continuo
2502 3410 2761 3476 additur

361 3538 471 3603 per
531 3515 656 3596 γάρ
722 3523 834 3582 aut
885 3516 948 3582 δέ
995 3519 1400 3584 coniunctum
1451 3517 1801 3582 necessario
1847 3517 1916 3580 in
1963 3519 2244 3582 oratione
2292 3516 2599 3582 indirecta
2642 3536 2761 3604 po-

359 3624 676 3690 nendum:
729 3661 814 3674 --
863 3625 940 3698 ὥς
989 3621 1205 3703 Ξέρξης
1257 3619 1508 3705 ἔπεμψε
1562 3661 1645 3672 -
1695 3621 1952 3688 ἐλθόντα
2002 3630 2118 3688 ΔΕ
2161 3627 2374 3688 τοῦτον
2423 3622 2713 3688 εἰπεῖν.

451 3865 588 3933 VII.
663 3867 831 3934 151:
897 3867 1211 3947 Ἀργείους
1275 3865 1338 3932 δὲ
1389 3904 1472 3916 -
1515 3867 1768 3945 εἰρωτᾶν
1827 3865 2229 3946 Ἀρτοξέρξεα
2276 3866 2379 3932 τὸν
2429 3864 2652 3946 Ξέρξεω
2704 3865 2763 3934 εί

359 3980 474 4053 σφι
523 3973 615 4037 ἔτι
666 3971 913 4052 ἐμμένει
964 3971 1230 4038 ἐθέλουσι
1278 3975 1387 4046 τὴν
1438 3973 1580 4052 πρὸς
1631 3971 1849 4052 Ξέρξην
1895 3972 2112 4050 φιλίην
2157 3971 2627 4052 συνεκρέσαντο.

445 4077 526 4144 In
587 4077 644 4144 Α
670 4079 722 4144 Β
771 4086 868 4146 est
913 4077 1256 4158 έμμένΕΙΝ
1309 4079 1572 4144 ἐθέλουσι
1623 4079 1688 4144 in
1738 4078 1797 4144 R
1848 4077 2130 4157 ἔμμένΕΙ
2180 4081 2414 4144 omisso
2462 4078 2748 4146 ἐθέλουσι.

351 4183 547 4250 Recte
614 4185 682 4250 id
751 4186 1010 4271 quidem
1081 4185 1190 4251 sed
1253 4191 1540 4270 superest
1601 4186 1837 4252 vitium
1901 4187 1969 4250 in
2040 4185 2387 4270 ’θΜμένει,
2458 4185 2627 4270 quod
2687 4188 2755 4252 in

358 4291 705 4368 ΟΤΜμένει
751 4291 1266 4358 convertendum.
1319 4279 1649 4369 Ἐμμένειν
1695 4297 1845 4358 noto
1888 4312 2077 4357 sensu
2119 4311 2265 4356 cum
2308 4291 2545 4358 dativis
2585 4310 2755 4360 cotn-

348 4399 639 4483 ponitur:
717 4395 1002 4474 ἐμμένειν
1061 4407 1137 4480 τῇ
1200 4399 1403 4483 πίε-ει,
1467 4399 1549 4478 τῷ
1621 4394 1769 4478 ὅρκῳ
1790 4445 1805 4476 ,
1870 4407 1947 4480 τῇ
1996 4397 2224 4481 φιλία,
2277 4406 2419 4471 ταῖς
2460 4398 2750 4471 σπονδαῖς

353 4509 416 4570 et
474 4503 714 4570 similia
774 4503 1123 4591 complura.
1197 4502 1434 4572 Contra
1489 4503 1822 4583 συμμένειν
1877 4504 2115 4570 dicitur
2158 4504 2229 4571 id
2272 4505 2439 4592 quod
2486 4503 2747 4572 firmum
