3414 5158
607 254 735 320 100
1589 271 1989 322 nmonorus.

593 457 766 502 mam
826 457 958 502 esse
1003 437 1189 512 ἀνιεῖ,
1243 435 1598 520 imperfecti
1647 434 1801 501 ἀνίει
1828 486 1843 514 ,
1895 437 2153 501 tertiam
2204 437 2473 501 formem
2526 437 2831 502 vitiosam
2882 437 3000 498 in-

599 541 916 608 duxerunt
961 538 1148 606 οὶνίεε.

683 650 762 715 In
808 648 869 712 R
912 652 1082 714 reete
1127 646 1368 734 legitur
1413 645 1565 712 ἀνίει
1613 647 1962 712 remittebat.

683 845 793 912 IV.
850 843 1016 910 127:
1066 843 1368 922 γνώσεσθε
1416 843 1558 908 τότε
1605 843 1729 908 εἴτε
1780 843 1921 921 ὑμῖν
1960 843 2388 925 μαχησόμεθα
2427 845 2559 977 περὶ
2597 847 2718 909 τῶν
2758 843 2990 926 τάφων

592 949 720 1016 εἴτε
767 952 871 1016 καὶ
920 951 988 1016 οὔ
1043 949 1550 1040 [μαχησόμεθα].

681 1057 1196 1145 Expungendum
1260 1062 1356 1122 est
1411 1056 1684 1122 alterum
1732 1054 2157 1134 μαχησόμεθα
2180 1103 2196 1135 ,
2247 1059 2398 1142 quia
2442 1060 2509 1122 in
2559 1056 2795 1123 talibus
2842 1056 2983 1123 ele-

588 1167 772 1251 ganti
817 1163 1028 1248 ellipsi
1075 1165 1223 1229 boni
1270 1165 1604 1248 scriptores
1649 1162 2029 1247 utebantur,
2082 1169 2156 1228 ut
2200 1164 2368 1248 apud
2415 1161 2810 1229 Homerum:

1039 1272 1089 1335 εἰ
1139 1270 1302 1335 ἐτεὸν
1351 1269 1626 1348 Κάλχας
1673 1269 2058 1345 μαντεύεται
2110 1272 2172 1344 ἠὲ
2224 1271 2328 1334 καὶ
2379 1271 2528 1334 οὐκί.

680 1376 920 1442 Dubito
967 1379 1130 1442 sitne
1179 1377 1373 1462 proba
1419 1375 1623 1442 forma
1669 1375 1872 1440 futuri
1911 1374 2369 1457 μαχΗΕόμεθα
2408 1396 2520 1463 pro
2559 1375 2979 1458 μαχεόμεθα,

585 1484 696 1554 sed
741 1486 911 1571 apud
962 1483 1360 1550 Herodotum
1409 1503 1658 1568 semper
1703 1503 1778 1548 ea
1824 1483 2028 1548 forma
2076 1482 2342 1569 legitur.

677 1679 788 1747 IV.
843 1679 1008 1746 127:
1061 1679 1371 1748 δείσαντες
1421 1680 1508 1755 μὴ
1559 1678 1688 1756 οὶλῷ
1741 1678 1775 1754 ἢ
1827 1689 2003 1760 καρῇ.

675 1784 936 1871 Semper
985 1785 1232 1850 librarii
1279 1789 1487 1850 errant
1535 1786 1602 1848 in
1649 1787 2053 1849 coniunctivo
2102 1783 2272 1864 οἱλῷ,
2324 1784 2487 1864 αλῷς
2513 1835 2529 1858 ,
2585 1783 2747 1862 ἁλῷ,
2797 1788 2859 1848 et
2900 1784 2969 1847 in

585 1894 871 1978 optativo
940 1892 1172 1963 ἁλοίην.
1246 1889 1369 1955 Pro
1442 1889 1573 1969 οἱλῷ
1638 1892 1705 1953 in
1769 1889 1884 1954 AB
1940 1889 2185 1977 legitur
2248 1886 2477 1962 αλώιη,
2542 1891 2611 1953 in
2658 1888 2717 1952 R
2766 1889 2964 1961 ἁλοίη.

583 1997 772 2081 Apud
819 1995 1254 2082 Antiphanem
1305 1995 1538 2060 Athen.
1593 2016 1738 2082 pag.
1790 1994 1922 2059 450
1973 2019 2003 2060 e
2048 1995 2299 2080 Sappho
2348 2016 2494 2060 cum
2546 2000 2721 2080 petre
2772 1993 2968 2060 collo-

585 2104 806 2186 quitur
851 2107 914 2166 et
960 2105 1051 2166 ita
1100 2102 1286 2165 dicit:

1221 2213 1344 2279 πῶς
1394 2206 1522 2286 γὰρ
1569 2207 1795 2285 γένοιτ’
1840 2206 1951 2286 ἂν,
2003 2203 2045 2270 ὦ
2095 2207 2329 2288 πάτερ,

1217 2316 1404 2394 ῥήτωρ
1455 2311 1737 2394 ἄφωνοςς

581 2401 911 2489 respondet
957 2409 1170 2490 peter:

1304 2496 1372 2571 ἢν
1423 2497 1555 2578 dac}
1599 2497 1729 2577 τρὶς
1778 2497 2166 2576 παρανόμων.

581 2590 648 2651 in
694 2586 876 2653 libris
923 2593 1019 2654 est
1063 2589 1259 2653 αλλῶ.

667 2786 779 2853 IV.
851 2786 1010 2853 128:
1089 2784 1252 2864 ἔδοξε
1308 2825 1389 2836 -
1436 2794 1588 2851 σῖτα
1653 2784 1910 2852 ἑκάς-οτε
1982 2785 2519 2866 ’ΛΝαιρεομένοισι
2584 2787 2962 2852 ἐπιτίθεσθαι

575 2898 884 2971 νωμῶντες
951 2889 1026 2957 ὦν
1086 2901 1238 2958 σῖτα
1302 2890 1827 2971 ’ΛΝαιρεομένους
1886 2892 2025 2965 τοὺς
2092 2894 2354 2973 Δαρείου
2424 2890 2661 2959 ἐποίευν
2715 2894 2800 2959 τὰ
2848 2894 2963 2971 βε-

577 2996 994 3075 βουλευμένα.

666 3103 831 3181 Quis
891 3104 1077 3167 cibum
1138 3126 1342 3186 capere
1403 3104 1569 3189 apud
1633 3103 2033 3169 Herodotum
2103 3110 2199 3170 est
2253 3112 2403 3170 σῖτα
2452 3104 2786 3186 αἱρέεσθαι,
2836 3128 2962 3173 non

575 3208 994 3288 ἀναιρέεσθαι,
1047 3208 1445 3274 scribendum
1496 3210 1890 3288 αἱρεομένοισι
1939 3216 2004 3275 et
2052 3210 2449 3289 αἱρεομένους.
2500 3214 2580 3279 of.
2622 3211 2759 3278 VII.
2794 3212 2958 3279 102:

573 3314 662 3387 δὶς
726 3314 949 3389 ἑκάς-ης
1019 3315 1240 3393 ἡμέρης
1307 3322 1470 3380 σῖτον
1537 3316 1863 3394 αἱρέεσθαι.
1928 3315 2053 3381 111.
2106 3315 2231 3383 26:
2297 3317 2501 3395 ἄρκον
2565 3320 2958 3399 αἱρεομένοισι

572 3420 808 3485 αὐτοῖσι
859 3420 1220 3484 ἐπιπνεῦσαι
1270 3420 1436 3484 νότον
1480 3418 1690 3498 μέγαν
1740 3444 1810 3485 τε
1858 3422 1961 3486 κα)
2018 3423 2304 3501 ἐξαίσιον.

660 3616 772 3683 IV.
843 3617 1002 3684 132:
1077 3618 1147 3694 ἣν
1207 3621 1295 3694 μη
1359 3616 1571 3696 ὄρνιθες
1632 3618 1947 3696 γενόμενοι
2010 3618 2367 3693 αναπτησθε
2427 3621 2489 3693 ἐς
2538 3618 2641 3685 τὸν
2688 3622 2953 3701 οὐρανόν,

573 3721 614 3789 ὦ
677 3722 942 3808 Πέρσαι,
1009 3728 1042 3800 ἢ
1100 3726 1254 3803 μύες
1323 3725 1688 3812 [γενόμενοι]
1756 3726 1929 3788 κατὰ
1969 3733 2077 3798 τῆς
2130 3733 2246 3802 γῆς
2298 3726 2695 3803 καταδύητε,
2751 3728 2784 3803 ἢ
2830 3727 2955 3806 βά-

565 3853 787 3910 τραχοι
855 3830 1228 3916 [γενόμενοι]
1293 3832 1350 3904 ές
1418 3834 1536 3903 τὰς
1602 3832 1831 3907 λίμνας
1897 3830 2321 3915 ἐσπηδήσητε,
2382 3832 2489 3897 οὐκ
2538 3836 2951 3910 απονοςήσετε

564 3935 754 4001 ὀπίσω
805 3936 918 4000 ὑπὸ
967 3939 1148 4003 τῶνδε
1194 3944 1308 4001 τῶν
1356 3936 1751 4013 τοξευμάτων
1802 3936 2287 4024 [βαλλόμενοι].ἶ

651 4042 858 4108 Locus
911 4043 1282 4131 perelegans
1346 4042 1585 4127 triplici
1629 4041 2115 4125 interpolatione
2162 4042 2341 4108 foede
2393 4044 2783 4112 deformatus
2832 4054 2945 4113 est.

561 4146 961 4233 Quicumque
1045 4169 1267 4213 aurem
1342 4147 1535 4212 habet
1614 4152 1906 4212 veterum
1967 4147 2237 4215 lectione
2302 4152 2555 4217 assidue
2612 4153 2945 4218 subactam

557 4252 735 4317 dabit
791 4256 956 4318 mihi
1002 4257 1098 4319 bis
1142 4256 1492 4340 repetitum
1530 4251 1767 4318 inutile
1815 4253 2129 4331 γενόμενοι
2177 4276 2435 4322 omnem
2490 4257 2616 4323 loci
2661 4258 2947 4344 leporem

557 4378 976 4444 corrumpere.
