3414 5158
599 254 684 322 56
1679 273 1905 322 ruvo,

592 437 741 507 ὅπου
787 439 964 520 γὰρ.
1005 477 1090 490 -
1129 437 1380 518 μάλιςα
1426 446 1594 511 τοῖς
1639 477 1721 490 -
1760 439 1812 504 εἴ
1862 439 2107 516 μηδὲν
2156 436 2565 519 παράδειγμα
2605 443 2844 520 τροΦῆς
2896 478 3003 488 -

592 545 763 627 εἶχεν
827 545 904 612 ἄν
962 568 1105 612 τινα
1149 545 1334 624 λόγον
1385 583 1467 595 -
1514 545 1590 617 ὣς
1639 542 1833 610 ὄντα
1881 545 1981 610 τὰ
2032 547 2193 630 ἰδίᾳ,
2243 545 2631 628 διαφέροντα
2680 545 2840 612 πολύ
2902 583 2999 596 -

594 655 662 720 οὗ
736 653 896 719 πολὺ
963 651 1089 740 (τὸ)
1153 651 1437 734 διαφέρον
1484 688 1571 701 —
1620 660 1836 728 τιμαῖς
1886 651 1949 717 δὲ
1999 652 2103 718 καὶ
2151 653 2435 731 άτιμίαις
2499 653 2828 738 (άμελείας
2908 652 2999 736 θ’)

598 756 740 837 ἅμα
790 757 897 826 καὶ
947 758 1253 836 έπιμελεί
1274 783 1390 832 ας.

690 863 842 931 928.
894 870 1051 931 extr.
1098 886 1210 951 pro
1257 863 1637 940 τηλικαύτης
1685 863 1832 953 lege
1878 869 2277 939 τηλικαῦται.

692 971 844 1040 929.
911 969 1034 1038 εῸν
1100 969 1178 1038 ἂν
1239 971 1425 1050 θυμὸς
1490 971 1645 1054 ἕπίη.
1700 1008 1787 1020 —-
1834 971 2048 1037 Immo
2110 969 2171 1037 ὃν
2236 971 2314 1037 ἂν
2381 974 2431 1039 θ.
2491 974 2663 1055 ἐφιῇ.
2709 1012 2790 1024 -
2841 973 2993 1052 ὑπὲρ

605 1076 794 1157 ἥμισυ
839 1079 1004 1154 πλὴν
1049 1079 1280 1159 πατρὸς
1329 1077 1872 1158 διαψηφιζομένων
1915 1115 1998 1127 -
2038 1077 2175 1150 τοὺς
2229 1077 2458 1156 μέσους
2497 1101 2621 1145 non
2664 1081 2995 1158 „neutrius

605 1186 805 1271 partis
848 1184 1222 1264 studiosos”,
1275 1185 1384 1251 sed
1430 1207 1545 1251 nec
1591 1183 2064 1266 πρεσβυτάτους
2113 1205 2228 1251 neo
2278 1185 2637 1260 νεωτάτους.

699 1289 852 1357 930.
917 1291 991 1356 L.
1054 1297 1377 1373 Φωνήσαι
1444 1291 1508 1357 δὲ
1557 1293 1680 1371 χρὴ
1727 1339 1742 1354 .
1772 1338 1785 1353 .
1819 1340 1835 1356 .
1864 1340 1879 1355 .
1931 1290 2154 1356 τοιόνδε
2200 1315 2296 1369 τι,
2347 1291 2649 1373 προοίμιον
2696 1289 2773 1358 ἂν
2817 1291 2994 1370 γενό-

608 1420 786 1474 μενον
832 1396 917 1470 εἷς
965 1397 1082 1470 τάς
1131 1422 1190 1463 τ.
1250 1422 1320 1476 γ.
1368 1420 1427 1462 κ.
1456 1422 1514 1462 τ.
1546 1397 1596 1462 ἑ.
1655 1396 1880 1477 „Quod
1925 1399 2321 1482 prooemium
2372 1395 2519 1463 fiat”
2568 1401 2719 1463 cett.

704 1501 857 1570 931.
905 1502 980 1568 L.
1031 1502 1251 1580 μηδὲν
1298 1502 1660 1579 διανοηθήτω
1707 1501 1857 1569 ποτὲ
1905 1499 2189 1580 ἄγαλμα
2240 1540 2321 1551 -
2374 1501 2779 1581 τιμωμένου,
2826 1526 2995 1584 περι-

609 1614 845 1692 χαροῦς
891 1609 1274 1688 γενομένου.

703 1712 857 1781 932.
907 1715 1031 1781 Pro
1078 1713 1414 1795 ἐπιτρέπων
1458 1714 1604 1804 lege
1651 1715 1961 1795 ἐπιτηρῶν.
2013 1718 2078 1779 et
2124 1735 2237 1800 pro
2285 1713 2319 1797 ᾖ
2373 1713 2468 1798 ζῇ.
2510 1753 2593 1765 -
2637 1716 2807 1781 κατὰ
2855 1720 2993 1780 τοῦ

613 1826 731 1886 τῶν
777 1821 1096 1900 ἀνθρώπων
1140 1817 1295 1886 εἶναι
1343 1821 1607 1899 γένους.

707 1925 858 1992 933.
909 1925 1119 2015 Lege,
1168 1924 1258 1996 zea
1306 1925 1478 1990 κατὰ
1523 1927 1713 2007 Φύσιν
1761 1923 2013 2000 άλλη·
2064 1925 2230 2001 ἄλλη
2280 1926 2331 1991 δ’
2386 1917 2421 1999 ἢ
2472 1966 2555 1976 ι-
2606 1928 2835 2009 ἑτέρους
2884 1948 2999 2013 pro

617 2033 841 2103 αὐτούς
885 2069 968 2082 -
1013 2031 1131 2098 ὑπό
1174 2055 1317 2097 του
1366 2036 1512 2097 τῶν
1553 2067 1636 2081 -
1671 2031 1903 2111 ἑτέρους
1952 2031 2443 2110 δυσωπουμένους
2494 2034 2637 2113 πρὸς
2686 2034 2997 2108 άλλήλους

624 2175 704 2187 -
754 2146 894 2210 ταῖς
944 2137 1008 2202 δὲ
1054 2142 1302 2220 ψυχαῖς
1345 2138 1452 2202 οὐκ
1501 2135 1670 2214 ἄξιον
1717 2138 2051 2219 ἐπιχειρεῖν
2090 2137 2286 2224 (recte
2327 2138 2550 2204 πείθειν
2588 2139 2710 2205 del.
2752 2140 2999 2225 Aetius)

624 2243 1110 2310 διακελεύεσθαι.
1167 2282 1250 2294 -
1303 2243 1336 2318 ἥ
1386 2266 1542 2309 τισιν
1591 2243 1856 2324 έπφδαῖς
1906 2247 1937 2320 ἢ
1986 2243 2267 2309 τοιούτων
2314 2250 2716 2326 Φαρμακειῶν
2764 2246 2996 2334 (κήρινα

619 2351 998 2438 μιμήματα)
1045 2350 1080 2426 ἢ
1129 2352 1466 2416 ὦντινωοῦν.

713 2456 866 2524 934.
931 2456 1099 2540 ἔργῳ
1163 2457 1499 2536 ἑπόμενον
1545 2466 1622 2539 τῇ
1670 2455 1935 2542 γραφῇἳ
1983 2495 2072 2508 -
2117 2459 2236 2529 τὰς
2286 2456 2515 2539 ζημίας
2564 2457 2999 2539 ἐχομένας.

711 2561 864 2632 935.
913 2563 1086 2654 Lege
1132 2561 1265 2630 ὅσον
1312 2563 1430 2629 ὑπὸ
1477 2563 1767 2637 παιδείας
1818 2565 2087 2644 ήμερώύη
2127 2565 2281 2630 ποτὲ
2318 2562 2513 2630 πάλιν
2556 2563 2851 2643 ἐξαγριῶν
2890 2573 2999 2640 τῆς

620 2676 875 2756 ψυχῆς,
941 2673 1010 2737 τὸ
1061 2675 1361 2737 τοσοῦτον
1407 2671 1672 2751 θηρίου
1721 2672 1953 2752 μέρος
2001 2672 2049 2736 έ.
2103 2670 2155 2736 δ.
2206 2670 2263 2753 ζ.
2314 2671 2630 2750 γίγνεται.
2679 2672 2787 2758 (of.
2838 2672 3004 2737 infra

619 2779 1036 2855 μεγαλονοίας
1101 2776 1390 2842 ἀπώλεσε
1449 2774 1602 2856 μέρη
1665 2776 1929 2863 πολλά.)
1998 2815 2081 2827 -
2143 2778 2436 2859 ἑταίρῳ
2485 2780 2653 2857 κακῷ
2704 2784 3003 2859 Φιλοφρο·

620 2882 899 2961 νούμενος
950 2922 1032 2933 -
1083 2881 1398 2963 λοιδορίαις
1447 2882 2035 2959 συμπλεκομέναις
2086 2920 2169 2932 -
2210 2884 2349 2949 οὐκ
2390 2882 2679 2949 ἐατέον
2721 2882 2809 2952 ἐς)
2852 2890 3003 2963 χρῆ-

623 2988 788 3056 σθαι.
839 3026 928 3039 —-
976 2989 1080 3053 καὶ
1136 2990 1246 3064 μὴ.
1294 2999 1351 3054 A
1400 2995 1464 3053 et
1512 2995 1584 3053 Ω
1633 2987 1739 3053 καὶ
1788 2987 1959 3066 μηδὲ.
2012 2988 2087 3054 L.
2136 2988 2241 3055 καὶ
2290 2990 2377 3067 μη
2426 2991 2588 3069 δρᾶν.

715 3094 866 3162 937.
932 3095 1005 3160 L.
1069 3092 1408 3174 διαβάλλει
1464 3119 1560 3167 τις
1606 3097 1768 3170 κακὴ
1811 3094 2003 3161 καλὸν
2050 3093 2241 3173 ὄνομα
2289 3096 2717 3176 προςησαμένη
2770 3094 2999 3178 τέχνη.

804 3276 1064 3345 Smnn.
1870 3298 1879 3307 ·
2308 3278 2379 3345 G.
2424 3278 2820 3347 BADHAM.

1627 3830 2007 3881 musalms.

711 4002 762 4071 L
812 4000 919 4069 25.
973 3999 1050 4066 3:
1097 3999 1168 4065 τὸ
1217 3998 1530 4078 άτύχημα
1574 3997 1645 4061 τὸ
1694 3997 1757 4061 έν
1804 3997 2135 4081 Χαιρωνείᾳ
2194 4035 2267 4048 ·-—
2297 3997 2539 4071 δούλους
2593 3998 2837 4072 ἐποίησε
2862 3998 2999 4072 τοὺς

620 4106 1122 4178 ’ΤΠΕΡιδδντας.

713 4214 856 4280 Imo
902 4233 1088 4280 vero:
1135 4211 1276 4286 τοὺς
1327 4207 1737 4282 ΠΡΟδόντας.

2498 4312 2569 4385 Ο.
2616 4313 2699 4383 G.
2749 4314 2819 4383 C.
