3414 5158
1393 396 1755 444 Pmmmcs.
2681 378 2763 443 41

391 564 597 644 μείων.
689 564 886 630 Recte
946 562 1222 649 appellat
1289 566 1473 648 poeta
1535 561 1793 649 Olymp.
1863 562 2026 627 XIII
2072 560 2196 627 83:
2247 563 2366 627 τὰν
2414 563 2561 642 παρ’
2611 558 2773 642 ὅρκον

390 671 494 735 κά)
560 670 733 750 παρὰ
799 670 1025 735 ἐλπίδα
1088 672 1330 749 κούφαν
1376 670 1594 735 κτίσιν.
1690 669 1790 735 Ex
1836 672 1975 755 ipsa
2020 674 2113 735 rei
2156 674 2385 735 natura
2431 670 2773 737 discrimen

391 778 809 861 consequitur.

480 989 575 1055 De
631 996 874 1075 septem
925 991 1192 1055 ducibus
1239 990 1540 1056 adversus
1585 989 1835 1054 Thebas
1873 987 2153 1075 legimus
2199 988 2387 1055 Nem.
2435 987 2532 1054 IX
2580 986 2701 1055 23:

1027 1098 1309 1172 Ἰσμηνοῦ
1358 1098 1410 1161 δ’
1459 1097 1556 1160 ἐπ’
1607 1093 1854 1177 ὄχθαισι
1905 1094 2143 1173 γλυκύν

573 1200 736 1269 νότον
783 1202 1295 1281 ἐρεισάμενοι
1345 1201 1684 1267 λευκανθέα
1734 1206 1978 1277 σώμασι
2028 1200 2255 1266 πίοινοιν
2304 1200 2555 1265 καπνόν.

391 1306 744 1373 Confitetur
806 1308 1126 1395 Bergkius
1187 1330 1255 1373 se
1299 1303 1512 1373 locum
1559 1328 1682 1371 11011
1731 1328 1911 1391 posse
1958 1307 2288 1391 expedir03
2336 1326 2512 1370 more
2562 1312 2779 1370 tamen

391 1434 508 1479 suo
553 1416 884 1499 perscribit
929 1418 1145 1479 omnia
1189 1418 1472 1480 virorum
1524 1413 1855 1477 doctorum
1904 1415 2294 1477 tentamina:
2345 1410 2776 1490 ἐρυσσάμενοι,

395 1518 786 1599 ἕρυξάμενοι,
851 1518 1290 1603 ὄλεσσάμενοι,
1364 1519 1756 1601 ἕρησάμενοι,
1818 1516 2262 1593 ἀπουράμενοι,
2339 1518 2777 1602 άπωσάμενοι,

397 1626 802 1709 άνάνάμενοι,
843 1626 1286 1707 άνυσσάμενοι,
1333 1622 1714 1701 ἕρευξάμενοι
1758 1622 2045 1707 denique.
2097 1621 2281 1687 Sardi
2307 1620 2596 1688 venales:
2622 1622 2782 1688 alter

401 1734 600 1799 altero
645 1734 928 1815 nequior.
977 1732 1226 1811 Quanto
1273 1729 1504 1795 melius
1545 1732 1804 1812 fuisset,
1844 1729 1898 1793 si
1940 1730 2257 1817 Bergkius
2298 1730 2493 1794 bonae
2530 1731 2785 1795 chartae

402 1839 872 1905 Teubnerianae
921 1840 1301 1923 pepercisset
1348 1843 1412 1901 et
1460 1839 1779 1901 omisisset
1816 1835 2121 1901 ridiculas
2160 1838 2551 1901 coniecturas
2571 1886 2588 1919 ,
2624 1856 2785 1921 quae

400 1945 746 2029 splendidis
809 1952 873 2011 et
927 1944 1290 2007 utilissimis
1338 1942 1773 2007 voluminibus
1820 1942 2109 2007 dedecori
2171 1946 2339 2006 sunt.
2434 1938 2785 2007 Gonnivere

399 2054 468 2117 in
516 2052 829 2115 erroribus
876 2071 1092 2115 eorum
1142 2053 1252 2133 qui
1299 2056 1444 2113 ante
1488 2069 1600 2112 nos
1646 2050 1904 2112 fuerunt
1950 2054 2014 2113 et
2059 2068 2288 2131 ponere
2328 2049 2393 2111 in
2436 2046 2605 2113 clara
2645 2047 2786 2113 luce

402 2160 456 2221 si
501 2156 656 2240 quid
705 2156 816 2220 alii
866 2156 1021 2220 olim
1071 2162 1240 2219 recte
1286 2156 1596 2231 viderint,
1649 2155 1805 2218 haec
1853 2154 2113 2218 demum
2163 2157 2367 2237 pietas
2407 2162 2517 2217 est.
2598 2150 2784 2219 Cete-

401 2284 546 2327 rum
617 2282 742 2327 non
813 2267 908 2327 est
977 2282 1324 2347 mag-num,
1391 2260 1632 2345 aliquid
1695 2259 1911 2324 afferre
1970 2259 2134 2343 quod
2198 2261 2321 2324 nisi
2372 2268 2617 2324 certum
2664 2261 2785 2335 sit,

409 2375 623 2433 tamen
671 2368 840 2431 haud
891 2367 1080 2452 paulo
1127 2367 1544 2432 verisimilius
1592 2372 1704 2431 est.
1757 2363 2183 2431 Commendo:
2236 2366 2401 2435 νότον
2455 2364 2788 2442 ἐπειγό-

407 2497 676 2556 μενοι,
727 2474 804 2537 cf.
855 2474 1050 2559 Pyth.
1099 2471 1181 2537 IV
1235 2472 1320 2535 34
1369 2477 1432 2535 et
1481 2472 1576 2535 IX
1625 2470 1735 2537 67.

502 2687 645 2752 Νο11
693 2686 856 2750 mihi
903 2685 1342 2750 satisfecerunt
1387 2687 1761 2766 interpretes
1808 2683 1992 2748 Nem.
2040 2684 2145 2748 IX
2192 2685 2315 2746 44:

592 2793 660 2858 ἐκ
706 2793 898 2858 πόνων
945 2792 996 2856 δ’
1043 2783 1098 2855 οἳ
1143 2791 1250 2854 σὺν
1301 2791 1544 2854 νεότατι
1593 2791 1892 2868 γένωνται
1943 2790 2051 2856 σύν
2097 2815 2169 2856 τε
2217 2792 2395 2872 δίκᾳ,
2447 2792 2679 2858 τελέθει

1122 2897 1266 2975 πρὸς
1313 2905 1510 2974 γῆράς
1562 2899 1705 2960 alchu
1754 2895 2047 2974 άμέροι.
2194 2961 2203 2968 ,

409 3006 618 3072 Vertit
667 3005 1062 3070 Schmidtius
1097 3026 1156 3089 p.
1196 3004 1366 3068 245:
1415 3004 1494 3068 In
1533 3003 1724 3084 Folqe
1760 3005 1867 3066 der
1907 3007 2394 3084 Anstrenqunyen
2420 3005 2525 3068 der
2548 3005 2797 3085 Juqend

409 3115 564 3176 wird
605 3115 684 3176 im
733 3113 903 3175 Alter
949 3113 1060 3174 das
1109 3111 1298 3174 Lebem
1345 3108 1757 3196 Tageshelle:
1808 3131 1967 3194 quae
2012 3111 2214 3175 nimia
2258 3113 2607 3175 senectutis
2652 3109 2793 3176 laus

412 3225 508 3284 est
553 3239 666 3282 nec
711 3217 1058 3301 quidquam
1110 3216 1320 3280 simile
1368 3215 1524 3280 Cato
1573 3215 1779 3280 Maior
1826 3216 1992 3298 apud
2042 3212 2410 3281 Ciceronem
2462 3237 2655 3282 ausus
2693 3221 2793 3282 est

413 3323 742 3390 affirmare.
839 3322 1046 3386 Aliter
1115 3321 1474 3386 Dissenius:
1551 3321 1688 3397 „Ex
1760 3320 2083 3386 laboribus
2153 3325 2263 3406 qui
2327 3325 2393 3386 in
2456 3325 2793 3388 iuventute

411 3437 803 3514 peraguntur
844 3434 908 3492 et
955 3447 1104 3491 cum
1152 3429 1430 3502 iustitia,
1483 3429 1735 3490 exsistit
1781 3427 1859 3490 ad
1908 3433 2299 3492 senectutem
2336 3429 2589 3511 placida
2635 3430 2793 3494 vita.

407 3533 584 3600 Huic
645 3535 848 3621 igitur
895 3533 1096 3609 ἁμέρα
1148 3531 1535 3596 adiectivum
1583 3538 1678 3596 est
1726 3536 1791 3596 et
1839 3533 1981 3596 αἰὼν
2029 3533 2318 3596 feminini
2360 3537 2647 3621 generis3
2682 3534 2792 3598 sed

407 3639 785 3715 Chromius,
853 3640 958 3704 cui
1018 3639 1131 3702 illa
1177 3638 1392 3702 omnia
1439 3638 1610 3702 dicta
1656 3645 1843 3715 sunt,
1894 3637 2313 3724 quadraginta
2362 3659 2556 3704 annos
2603 3645 2793 3704 natus

409 3751 543 3812 erat
603 3752 667 3810 et
731 3745 924 3809 nimis
988 3748 1262 3810 tenuiter
1310 3743 1424 3808 tali
1473 3746 1610 3807 viro
1659 3745 1847 3806 rebus
1892 3745 1960 3804 in
2008 3741 2429 3807 adolescentia
2475 3743 2791 3828 praeclare

409 3854 607 3936 gestis
651 3850 815 3915 nihil
855 3853 1254 3936 promittitur
1291 3857 1539 3933 praeter
1573 3849 1871 3929 placidam
1909 3849 2131 3910 vitam.
2180 3847 2465 3912 Dixerim
2492 3849 2790 3934 equidem

413 3963 553 4042 post
598 3959 999 4020 inventutem
1044 3963 1297 4019 strenue
1345 3959 1665 4038 peractam
1726 3952 2018 4036 obrepere
2069 3959 2456 4018 senectutem
2494 3954 2791 4039 quidem,

412 4061 521 4126 sed
567 4063 659 4126 ita
705 4077 780 4125 ut
825 4061 1272 4126 adventantem
1319 4079 1442 4124 non
1483 4059 1753 4130 sentias,
1797 4061 2027 4143 quippe
2068 4060 2145 4122 ab
2187 4061 2362 4124 omni
2386 4059 2789 4126 incommodo

409 4189 696 4235 vacuam.
796 4166 994 4231 Inerit
1049 4166 1167 4230 hoc
1231 4167 1354 4228 nisi
1415 4162 1600 4229 fallor
1642 4164 1709 4228 in
1759 4161 2019 4230 Graecis
2069 4165 2310 4230 verbis:
2364 4166 2593 4230 τελέθει
2644 4165 2787 4245 πρὸς

409 4281 604 4354 γῆράς
654 4273 798 4338 miclau
847 4273 1132 4352 άρέμοι.
1226 4269 1463 4350 Ἀρέμά
1516 4271 1634 4336 hoc
1683 4277 1813 4336 est:
1864 4273 2019 4335 lento
2061 4273 2281 4351 yradu.

498 4487 796 4554 Potestne
859 4488 1002 4571 quis
1063 4489 1130 4552 in
1177 4485 1629 4552 certaminibus
1675 4485 1939 4566 ἄρασθαι
1989 4486 2162 4560 κῦδος
2211 4487 2507 4567 άβρόνῗ
2554 4486 2787 4554 Crede-
