3414 5158
1436 388 1762 439 nomos.
2214 366 2222 371 ’
2660 370 2790 439 193

396 552 761 640 Itidemque
806 553 1092 621 eiusdem
1136 561 1287 621 sunt
1330 554 1450 621 ille
1488 552 1531 632 ξ
1574 552 1752 624 374:

1686 662 1819 728 οὐδὲ
1867 660 2112 729 πόλινδε

773 765 1073 849 ἔρχομαι,
1131 769 1183 835 εί
1231 770 1322 846 μή
1371 768 1488 835 πού
1535 794 1594 835 τι
1644 770 1950 851 περίφρων
1997 765 2388 842 Πηνελόπεια

772 876 1025 954 ἐλθέμεν
1073 875 1377 957 ότρύνησιν
1399 924 1416 955 ,
1464 872 1556 941 ὅτ’
1603 878 1886 957 ἀγγελίη
1935 876 2110 942 ποθὲν
2161 874 2337 957 ἔλθη,

407 983 749 1068 quominus
810 985 955 1068 quis
1017 983 1309 1049 dubitare
1374 986 1607 1070 possit,
1676 984 1996 1069 quodnam
2056 983 2421 1049 subiectum
2485 984 2574 1047 sit
2617 983 2800 1049 verbi

408 1085 567 1154 ἔλθοι
630 1110 705 1155 eo
758 1087 899 1155 loco
944 1109 983 1155 a
1029 1109 1155 1175 quo
1200 1089 1451 1155 dicendi
1500 1092 1763 1156 initium
1813 1090 2103 1156 fecimus.
2197 1087 2602 1155 Incredulam
2651 1109 2800 1153 mu-

407 1193 633 1262 lierem
678 1195 973 1263 videmus
1016 1215 1179 1282 quae
1224 1195 1699 1284 Theoclymeno
1740 1200 1840 1263 ita·
1881 1196 2214 1282 respondet
2260 1218 2290 1275 ρ
2345 1194 2510 1262 163:

685 1302 751 1368 α’)
798 1304 927 1382 γὰρ
972 1307 1185 1379 τοῦτο’,
1234 1303 1425 1381 ξεῖνε,
1476 1301 1619 1373 ἔπος
1665 1304 2104 1377 τετελεσμένον
2149 1302 2240 1375 εἴη
2264 1323 2279 1339 ·

678 1410 763 1489 τῷ
812 1433 880 1473 κε
930 1409 1115 1491 τάχα
1163 1408 1367 1485 γνοίης
1415 1408 1741 1489 φιλότητά
1789 1434 1857 1475 τε
1907 1408 2118 1474 πολλά.
2153 1430 2236 1472 -τε
2287 1408 2444 1487 δῶρα

687 1513 755 1590 ἐξ
801 1516 991 1598 ἐμεῦ,
1036 1517 1111 1585 ὣς
1161 1512 1240 1578 ἅν
1282 1515 1377 1586 τίς
1427 1538 1497 1579 σε
1547 1516 1986 1593 συναντόμενος
2035 1512 2390 1595 μακαρίζοι,

274 1642 280 1647 ·
410 1617 547 1685 Nee
604 1623 819 1687 tamen
882 1622 1099 1685 minus
1162 1620 1530 1687 mendicum
1598 1641 1790 1707 quem
1836 1620 2120 1688 nondum
2170 1623 2550 1707 agnoverat,
2602 1618 2682 1684 ad
2735 1638 2804 1684 se

411 1730 601 1793 vocat
644 1749 675 1808 ρ
726 1724 894 1793 509:

775 1831 987 1915 ἔρχεο,
1035 1832 1117 1900 δΥ
1162 1834 1409 1913 Εὔμαιε
1434 1884 1452 1913 ,
1503 1837 1641 1901 κιὼν
1686 1837 1792 1901 τὸν
1841 1834 2032 1913 ξεῖνον
2079 1832 2310 1914 ἄνωχθι

778 1940 1064 2020 ἐλθέμεν,
1114 1940 1275 2024 όφρα
1324 1942 1390 2008 τί
1432 1966 1539 2021 μιν
1585 1940 2058 2022 προσπτύξομαι
2106 1940 2204 2017 ἧδ’
2251 1940 2532 2021 ἐρέωμαι.

409 2044 699 2132 Populus
757 2046 943 2114 avide
1006 2068 1291 2114 rumores
1349 2049 1645 2134 captabat
1690 2049 1740 2126 β
1789 2046 1877 2113 30
1897 2098 1916 2127 ,
1965 2048 2077 2114 sed
2121 2045 2540 2113 Telemachus
2590 2044 2804 2132 magis

408 2155 609 2219 etiam
656 2173 849 2239 quam
896 2158 1103 2220 mater
1146 2155 1509 2220 incredulus
1557 2160 1653 2219 est
1698 2162 1766 2220 et
1811 2156 1925 2221 vix
1971 2172 2361 2241 quemquam
2409 2152 2488 2221 de
2531 2150 2648 2217 illo
2691 2152 2808 2217 ho-

406 2260 663 2328 minum
702 2282 932 2350 genere
980 2260 1062 2328 ad
1110 2282 1177 2329 se
1223 2262 1533 2329 admittit.
1582 2262 1847 2327 Fatetur
1889 2264 2028 2347 ipse
2074 2285 2119 2327 α
2169 2256 2298 2327 167
2331 2280 2349 2326 ε

1598 2368 1736 2434 οὐδέ
1781 2390 1874 2441 τις
1923 2371 2068 2446 ημῖν

780 2475 1109 2555 θαλπωρή,
1158 2472 1217 2539 εἴ
1260 2474 1371 2555 πέρ
1418 2498 1513 2549 τις
1564 2474 1922 2555 ἐπιχθονίων
1962 2470 2280 2553 ἀνθρώπων

776 2586 969 2664 φῇσιν
1014 2582 1411 2648 ἐλεύσεσθαι·
1461 2587 1567 2647 τοῦ
1614 2583 1668 2648 δ’
1714 2583 1902 2647 ὤλετο
1949 2581 2189 2659 ude-mov
2239 2572 2426 2660 ἦμαρ.

411 2683 583 2754 Hinc
628 2689 699 2754 in
744 2692 1041 2756 concione
1086 2709 1153 2756 se
1198 2689 1548 2776 quidquam
1598 2689 1922 2755 audivisse
1967 2695 2162 2775 negat
2205 2687 2254 2764 β
2305 2685 2430 2752 422

683 2794 823 2860 οὔτε
870 2796 984 2861 τιν’
1034 2796 1349 2874 ἀγγελίην
1395 2801 1621 2876 ςρατοῦ
1665 2793 1880 2861 ἔκλυον
1931 2793 2278 2875 ἐρχομένοιο
2303 2837 2322 2870 ,

690 2900 758 2979 ἦν
803 2904 877 2983 χ’
926 2903 1067 2978 ὑμῖν
1114 2901 1304 2982 σοὶφα
1352 2902 1501 2967 εἴπω
1522 2949 1539 2980 ,
1588 2899 1691 2967 ὅτε
1739 2899 2020 2981 πρότερός
2069 2924 2148 2978 γε
2198 2899 2520 2974 πυθοίμην.

414 3005 593 3073 ldem
638 3007 799 3084 fere,
850 3011 951 3072 uti
996 3009 1297 3093 arbitror,
1346 3029 1538 3094 supra
1584 3009 1833 3075 dixerat
1878 3017 1942 3074 et
1987 3006 2249 3093 quidem
2295 3008 2414 3070 sic:

644 3115 772 3180 οὔτ’
820 3108 917 3179 οὖν
967 3115 1380 3194 ἀγγελίης
1432 3113 1523 3181 ἔτι
1572 3116 2020 3191 πεύθομαι,
2069 3111 2130 3180 εί
2171 3115 2346 3178 ποθεν
2397 3109 2578 3178 ἔλθοι.

414 3220 792 3308 Synonyma
836 3241 973 3288 esse
1018 3223 1345 3288 πεύθεσθαι
1392 3229 1457 3288 et
1505 3224 1746 3288 ἀκούειν
1794 3221 2200 3288 Aristarchus
2225 3219 2444 3286 docuit
2485 3218 2564 3285 ad
2603 3228 2647 3282 Β
2678 3214 2806 3284 119

414 3333 480 3395 et
542 3335 595 3394 Κ
644 3326 809 3407 381;
872 3333 1195 3414 praeterea
1258 3329 1526 3396 conferri
1584 3335 1848 3416 possunt
1897 3339 1940 3395 P
1994 3327 2163 3393 6412
2213 3323 2528 3392 πεπύσθαι
2577 3331 2812 3403 λυγρῆς

414 3434 731 3514 ἑγγελίης
778 3441 844 3502 et
887 3436 936 3513 β
978 3433 1144 3501 256:
1186 3435 1553 3514 ἀγγελιάων
1594 3436 1896 3503 πεύσεται
1942 3437 2028 3502 εἶν
2061 3433 2308 3518 Ἰθάκη,
2355 3453 2516 3520 quae
2539 3431 2820 3500 Leooriti

420 3543 498 3610 de
542 3541 925 3610 Telemacho
970 3544 1167 3612 verba
1212 3552 1385 3609 sunt.
1640 3561 1647 3566 ·

508 3757 779 3826 Formae
840 3763 991 3827 sunt
1049 3757 1387 3845 parallelae
1448 3759 1754 3839 ἠριγένεια
1817 3763 1882 3824 et
1947 3755 2234 3838 Ἠριγόνη
2258 3804 2275 3834 ,
2346 3755 2692 3840 Ἰφιγένεια
2755 3761 2824 3824 et

418 3864 735 3945 Ἰφιγόνη,
808 3865 1195 3932 Κασσιέπεια
1258 3872 1325 3932 et
1388 3865 1734 3941 Κασσιόπη.
1828 3864 1936 3931 Ad
2007 3885 2148 3930 eam
2196 3863 2555 3951 analogiam
2609 3883 2818 3930 nonne

420 3979 745 4057 praestant
802 3972 1044 4038 formae
1104 3971 1457 4052 Περσεφόνη
1518 3979 1582 4038 et
1630 3971 2078 4053 Περσεφόνεια,
2127 3970 2454 4046 Πηνελόπη
2509 3977 2574 4036 et
2623 3979 2820 4044 Πηνε-

421 4076 685 4146 λέπειαῗ
734 4077 831 4147 Of.
882 4079 1157 4146 Lobeck.
1202 4079 1481 4166 Paralip.
1530 4101 1593 4166 p.
1647 4077 1799 4146 321.

511 4295 673 4362 Octo
718 4293 1019 4362 versiculi
1067 4295 1117 4372 β
1168 4293 1522 4361 138-145
1572 4295 1743 4363 male
1789 4299 2002 4364 iterati
2052 4301 2200 4362 sunt
2243 4317 2320 4361 ex
2363 4319 2404 4359 α
2435 4291 2817 4360 374-380.

420 4403 631 4486 Quam
677 4403 797 4470 hoe
842 4405 927 4467 sit
975 4421 1233 4480 verum,
1288 4407 1726 4490 unusquisque
1771 4425 1883 4492 pro
1933 4422 2001 4470 se
2043 4401 2227 4492 facile
2267 4403 2644 4468 existimare
2689 4407 2826 4486 pot-

420 4514 575 4592 erit,
622 4527 827 4597 neque
873 4529 1032 4597 opus
1077 4516 1175 4577 est
1211 4509 1484 4600 longum
1524 4512 1742 4579 locum
1781 4511 2153 4579 describere.
2201 4507 2494 4598 Rogatus
2539 4528 2580 4576 a
2618 4508 2825 4594 procis

2465 4629 2528 4678 18
