3414 5158
1408 404 1729 457 nonnus.
2636 386 2760 453 191

376 576 603 663 Itaque
648 581 827 663 patre
872 581 1127 643 mortuo
1172 581 1419 663 poterat
1466 573 1637 640 filius
1676 578 1948 640 matrem
1991 571 2182 640 domo
2221 572 2476 660 exigere
2499 592 2766 657 eamque

376 684 596 749 iubere
640 704 787 749 suas
832 702 933 749 res
978 684 1104 747 sibi
1150 683 1382 749 hebere
1404 730 1419 759 ‚
1468 680 1577 746 sed
1617 679 2042 747 Telemachus
2081 700 2270 745 suum
2313 680 2417 745 ius
2455 699 2580 745 non
2621 676 2766 745 vult

377 810 713 875 usurpare:
786 789 1136 854 dummodo
1204 794 1412 853 mater
1482 793 1705 873 sponte
1775 788 2020 875 regiam
2087 786 2442 870 relinquat,
2508 789 2768 870 paratus

377 896 571 961 etiam
618 898 714 962 est
762 894 989 960 addere
1038 893 1381 983 magnifica
1426 893 1611 960 dona.
1663 893 1982 978 Exspecto
2031 892 2186 977 quid
2236 890 2664 957 Buehholzius
2689 890 2768 957 de

376 1002 619 1086 nuptiis
654 1000 823 1085 apud
860 999 1219 1065 Homerum
1258 998 1595 1084 aliquando
1634 999 2076 1084 disputaturus
2116 1000 2202 1063 sit
2223 1044 2238 1075 ‚
2265 997 2374 1063 sed
2399 996 2766 1083 Terpstram

376 1113 544 1172 oerte
612 1106 798 1172 video
866 1109 933 1172 in
996 1106 1401 1192 Antiquitate
1460 1105 1808 1171 Homerica
1871 1104 2080 1169 multa
2140 1102 2371 1169 horum
2419 1106 2550 1169 iem
2598 1106 2768 1169 reete

377 1215 803 1297 composuisse
864 1233 1069 1297 neque
1115 1233 1263 1278 eum
1311 1211 1506 1277 latuit
1553 1214 1725 1296 patri
1769 1230 1895 1277 non
1944 1230 2204 1295 sponsae
2255 1210 2580 1289 ἀπερείσια
2626 1206 2767 1275 ἕδνα

378 1318 527 1384 data
588 1318 781 1384 fuisse
829 1320 1235 1407 virginesque
1278 1339 1402 1384 non
1462 1318 1586 1383 sibi
1632 1318 1832 1383 fuisse
1877 1317 2304 1399 ἑλφεσιβοίας
2327 1364 2342 1391 ,
2393 1316 2504 1381 sed
2550 1336 2770 1401 paren-

378 1424 577 1491 tibus.

470 1528 594 1593 His
640 1531 1005 1615 praemissis
1046 1528 1232 1595 facile
1280 1534 1377 1594 est
1424 1528 1639 1595 videre
1686 1528 1978 1613 spurium
2021 1548 2155 1594 esse
2191 1552 2235 1592 α
2271 1525 2424 1593 292.
2472 1526 2769 1594 Minerva

380 1633 757 1701 Telemacho
804 1640 1021 1701 auctor
1068 1639 1199 1699 est:

742 1742 793 1807 εἰ
838 1740 905 1806 δέ
954 1766 1025 1806 κε
1072 1740 1411 1814 τεθνηῶτος
1463 1738 1728 1822 ἑκούσης
1775 1739 1924 1817 μηδ’
1973 1737 2065 1804 ἔτ’
2117 1737 2354 1825 ἐόντος,
2421 1744 2428 1751 ’

742 1850 1000 1923 νοςήσας
1049 1847 1121 1923 δὴ
1169 1848 1391 1913 ἔπειτα
1441 1846 1637 1928 φίλην
1684 1849 1746 1919 ἐς
1793 1846 2070 1925 πατρίδα
2116 1854 2315 1925 γαῖαν

741 1954 917 2031 σῆμα
964 1978 1036 2019 τε
1082 1954 1135 2019 02
1183 1957 1377 2033 χεῦαι
1425 1952 1530 2017 καὶ
1581 1951 1681 2017 ἐπὶ
1731 1952 1948 2033 κτέρεα
1998 1952 2326 2033 κτερεΐξαι.

376 2056 555 2123 Haeo
600 2064 805 2143 reete;
854 2058 965 2125 sed
1010 2059 1231 2125 eadem
1276 2079 1404 2125 non
1448 2059 1661 2143 potuit
1709 2058 1974 2125 addere:

468 2164 742 2230 πολλὰ
788 2163 999 2242 μάλ’,
1048 2162 1250 2229 ὅσσα
1296 2164 1546 2243 ἔοικε,
1588 2163 1721 2229 καὶ
1765 2165 1996 2245 ἀνέρι
2034 2162 2348 2245 μητέρα
2389 2165 2693 2231 δοῦναι.

378 2270 673 2337 Primum
744 2273 915 2336 enim
987 2292 1111 2336 non
1184 2269 1353 2335 filius
1424 2276 1693 2337 matrem
1758 2270 2120 2337 elocatums
2179 2276 2351 2355 erat,
2417 2270 2524 2338 sed
2589 2274 2768 2356 pater

377 2374 641 2454 Icarius3
714 2376 941 2443 deinde
989 2379 1043 2442 si
1092 2376 1246 2463 quid
1296 2376 1422 2442 tale
1469 2376 1770 2442 suasisset
1817 2376 2208 2443 immortalis
2254 2377 2405 2457 dea,
2457 2397 2580 2443 non
2627 2380 2768 2463 pot-

378 2484 579 2547 uisset
627 2485 929 2548 continuo
977 2482 1239 2548 addere:

653 2590 855 2668 αὐτὰρ
905 2590 1055 2664 ἐπὴν
1104 2589 1174 2664 33,
1224 2593 1434 2654 ταῦτα
1483 2591 1854 2672 τελευτήσῃς
1904 2614 1974 2654 τε
2023 2591 2128 2654 καὶ
2189 2589 2354 2672 ἔρξῃς

652 2696 1001 2778 Φριέζεσθαι
1047 2697 1119 2770 δὴ
1168 2695 1389 2760 ἔπειτα
1438 2697 1609 2761 κατα
1656 2695 1852 2777 Φρένα
1897 2695 2002 2761 καὶ
2050 2696 2224 2762 κατα
2272 2693 2457 2776 θυμόν

650 2800 864 2876 ὅππως
912 2826 981 2869 κε
1027 2809 1341 2882 μυκτῆρας
1390 2801 1471 2867 ἐνὶ
1519 2801 1846 2884 μεγάροισι
1892 2809 2116 2868 τεοῖσιν

652 2911 884 2992 κτείνῃς
935 2911 1001 2984 ἠὲ
1047 2908 1201 2990 δόλῳ
1248 2909 1283 2984 ἢ
1331 2911 1648 2992 ὥμφαδὸν.
2109 2993 2122 3002 ⁹

377 3014 563 3083 Nihil
634 3018 806 3082 enim
874 3036 1033 3102 opus
1098 3016 1322 3082 fuisset
1388 3036 1609 3101 procos
1670 3016 1927 3104 abigere
1973 3027 2118 3102 poce
2179 3017 2404 3082 matris
2465 3013 2770 3080 secundas

376 3125 651 3208 nuptias.
726 3121 1027 3189 Ceterum
1090 3128 1349 3208 apparet
1406 3122 1625 3188 eadem
1690 3122 1770 3188 de
1833 3143 2022 3190 eausa
2085 3123 2313 3189 itidem
2381 3121 2766 3207 interpolata

378 3249 513 3296 esse
560 3228 927 3294 Telemachi
974 3229 1169 3296 verba
1222 3228 1273 3307 β
1320 3227 1488 3296 223:

470 3336 743 3402 πολλὰ
791 3335 1009 3419 μάλ’,
1058 3331 1261 3398 ὅσσα
1312 3334 1565 3415 ἔοικε,
1616 3335 1754 3402 καὶ
1802 3337 2023 3416 ἀνέρι
2072 3336 2382 3419 μητέρα
2431 3335 2652 3401 δώσω.

381 3443 585 3524 Quam
634 3443 889 3508 fatuum
938 3447 1035 3508 est
1078 3447 1428 3526 praeterea:
1478 3449 1722 3508 matrem
1769 3443 1899 3508 viro
1945 3445 2131 3509 dabo.-
2177 3443 2502 3530 aliquanto
2549 3443 2764 3507 minus

379 3551 666 3617 odiosum
732 3549 893 3615 foret
952 3553 1135 3612 matri
1194 3548 1387 3612 virum
1434 3550 1605 3615 dabo.
1704 3549 1830 3630 Qui
1878 3549 2090 3616 locum
2141 3548 2587 3635 interpolavit,
2636 3567 2766 3612 ere-

380 3655 605 3733 debat,
675 3657 775 3720 uti
842 3653 1056 3732 vides,
1120 3655 1255 3719 iam
1314 3652 1585 3720 Homeri
1646 3659 1936 3740 tempore
1991 3655 2165 3721 idem
2225 3655 2331 3719 ius
2377 3653 2764 3736 obtinuisse,

379 3761 546 3846 quod
608 3765 823 3845 postea
888 3759 1158 3826 Athenis
1218 3761 1472 3846 viguit,
1530 3765 1602 3826 ut
1647 3765 1794 3845 post
1838 3761 2040 3846 patris
2089 3765 2362 3827 mortem
2411 3761 2547 3845 ipse
2593 3756 2766 3822 filius

380 3869 603 3933 matris
647 3872 899 3934 curator
945 3873 1127 3934 esset.
1177 3866 1353 3932 Adeo
1400 3867 1524 3952 ipsi
1572 3864 1804 3932 Graeci
1850 3887 2034 3932 suam
2081 3867 2534 3950 antiquitatem
2582 3865 2765 3951 igno-

379 3974 623 4039 rabant.

470 4077 776 4144 Eiusdem
845 4080 1097 4166 generis
1164 4076 1723 4164 interpolationem
1794 4078 2016 4144 odoror
2085 4079 2153 4143 in
2227 4076 2395 4144 libro
2466 4074 2760 4144 seeundo.

381 4182 585 4251 Verba
630 4189 779 4250 sunt
828 4183 1197 4250 Telemachi
1242 4204 1337 4250 vs.
1390 4183 1555 4252 1302

650 4287 935 4368 ’Avi-lvd,
980 4289 1051 4355 οὔ
1099 4313 1225 4362 πως
1274 4289 1367 4359 ἔτι
1411 4290 1609 4368 δόμων
1657 4291 1960 4358 ἀέκουσαν
2007 4291 2294 4356 ἀπῶσαι·

652 4399 719 4463 ἐκ
766 4397 893 4476 γὰρ
939 4399 1049 4462 τοῦ
1098 4397 1328 4478 πατρὸς
1376 4397 1549 4463 κακὰ
1597 4398 1936 4478 πείσομαι,
1989 4395 2164 4463 ἄλλα
2211 4397 2276 4462 δὲ
2321 4397 2559 4476 δαίμων

652 4502 863 4584 δώσει,
909 4503 1043 4570 ἐπεὶ
1093 4505 1295 4586 μήτηρ
1345 4505 1615 4586 ςυγερὲς
1664 4505 1912 4587 ἀρήσετ’
1959 4507 2168 4587 ἐρινῦς.
