3414 5158
1352 367 1674 417 nonnus.
2577 346 2700 414 341

316 537 544 601 sertim
588 539 655 600 iu
702 534 1133 620 superioribus
1178 555 1304 601 non
1352 554 1561 600 sermo
1608 531 1721 599 fiat
1759 534 1838 600 de
1867 533 2106 620 judicis
2146 533 2372 600 officio.
2443 531 2708 599 Rectius

318 649 491 708 certe
538 651 593 706 Θ
645 639 812 706 431:
929 716 935 722 ‚

640 748 847 828 Τρωσί
896 771 965 812 τε
1016 749 1122 813 καὶ
1174 755 1475 813 Δαναοῖσι
1525 745 1858 828 δικαζέτω,
1906 749 1984 819 ὦς
2033 746 2318 820 ἐπιεικές.

318 853 532 935 Quam
592 861 738 940 apte
797 855 989 920 scrIbi
1034 857 1269 940 poterit
1313 855 1659 933 κρυπτάδια
1706 854 2015 936 Φρονέοντ’
2063 853 2298 936 ἷδιαζ
2309 853 2404 932 ἐμ
2425 877 2517 919 εν.
2614 853 2710 920 De

317 961 701 1027 accusativis
761 959 941 1026 ἐόντα
1000 969 1065 1025 et
1128 960 1457 1040 φρονέοντα
1519 967 1587 1025 et
1630 961 1707 1026 de
1770 980 1976 1026 errore
2039 961 2314 1042 quodam
2360 961 2713 1026 Aristarchi

315 1065 611 1152 pluribus
673 1069 781 1154 egi
826 1069 893 1132 in
942 1065 1061 1147 Qu.
1110 1065 1305 1133 Hom.
1356 1087 1425 1152 p.
1473 1065 1581 1132 87.
1676 1067 2012 1133 Praeterea
2061 1067 2140 1134 cf.
2187 1065 2397 1133 Schol.
2449 1065 2595 1131 BL:
2647 1066 2708 1130 ἐν

314 1180 397 1254 τῇ
442 1173 763 1254 ἀπολογία
805 1172 1141 1256 μέμφεται
1192 1175 1269 1248 ὡς
1321 1171 1417 1238 ἀεὶ
1471 1171 1798 1254 ἰδιάζοντος
1850 1174 2065 1238 αὐτοῦ.

404 1397 469 1452 Α
520 1385 689 1453 555:

546 1498 648 1558 νῦν
696 1492 749 1557 δ’
798 1493 975 1564 αἰνῶς
1022 1490 1287 1556 δείδοικα
1333 1491 1506 1557 κατὰ
1552 1491 1754 1572 Φρένα
1801 1489 1892 1570 μή
1942 1514 2011 1555 σε
2062 1491 2425 1572 παρείπῃ

545 1597 937 1680 ἀργυρόπεζα
986 1598 1168 1670 Θέτις
1192 1645 1207 1668 .
1256 1595 1549 1677 θυγάτηρ
1601 1597 1797 1663 ἁλίοιο
1845 1595 2148 1677 γέροντος.

303 1706 462 1774 Non
509 1726 665 1792 opus
709 1715 807 1772 est
852 1705 1060 1771 dicere
1104 1724 1220 1770 cur
1255 1704 1586 1771 Bentleius
1622 1705 1732 1769 hic
1769 1700 2057 1784 παρέλθῃ
2099 1704 2373 1769 scribere⁴
2409 1701 2704 1783 voluerit,

302 1813 427 1879 sed
486 1811 951 1877 Herwerdenus
971 1857 987 1890 ‚
1047 1817 1385 1896 postquam
1450 1813 1806 1876 rectissime
1865 1809 2228 1876 observavit
2282 1809 2706 1876 indicativum

302 1917 583 1983 modum
665 1919 936 2002 requiri,
1013 1915 1437 2004 ‚,digamma’',
1508 1917 1758 2001 inquit,
1836 1919 2022 1998 „tam
2081 1936 2266 2002 saepe
2334 1914 2705 2003 neglectum

304 2022 619 2091 violentis
696 2022 991 2088 remediis
1070 2023 1366 2088 reducere
1434 2020 1697 2106 plenum
1773 2028 1870 2087 est
1939 2042 2098 2108 opus
2167 2019 2418 2100 aleae”;
2492 2021 2710 2109 itaque

308 2132 473 2195 satis
516 2129 745 2194 habuit
783 2128 1225 2194 commendare
1266 2136 1585 2207 παρεῖπεν.
1660 2127 1758 2194 De
1808 2126 2157 2194 indicativo
2201 2129 2393 2193 modo
2433 2129 2704 2194 concedo

309 2236 533 2300 omnia
594 2235 875 2318 itemque
937 2234 1207 2300 concedo
1268 2232 1597 2299 Aeolicam
1655 2233 1918 2322 ,literam
1981 2254 2106 2299 non
2151 2233 2452 2299 violentis
2497 2255 2704 2299 reme-

310 2341 441 2406 diis
501 2339 922 2405 reducendam
985 2360 1138 2405 esse.
1234 2339 1402 2419 Quid
1466 2346 1684 2405 autem
1735 2340 1791 2403 si
1835 2338 1978 2404 lene
2023 2339 2379 2405 remedium
2427 2336 2706 2404 sufficit?

308 2443 642 2510 Scribam:

543 2555 647 2615 νῦν
694 2554 768 2619 Σ’
816 2552 993 2624 aive.-
1042 2550 1305 2617 δείδοικα
1354 2551 1525 2615 κατὰ
1574 2550 1772 2630 Φρένα
1819 2551 1909 2628 μη
1959 2573 2074 2616 πα
2091 2558 2382 2632 ραεΐπε
2401 2575 2454 2616 ν.

307 2656 535 2725 Etiam
582 2658 903 2725 Homerus
950 2660 1040 2723 sic
1087 2656 1265 2744 loqui
1313 2656 1508 2737 solet,
1549 2658 1758 2723 veluti

402 2774 457 2829 E
551 2764 676 2831 85:
770 2764 1066 2839 Τυδεΐδην
1116 2764 1171 2828 δ’
1220 2765 1327 2828 οὐκ
1377 2763 1454 2828 ἂν
1502 2763 1705 2841 γνοίης
1757 2760 2052 2842 ποτέροισι
2100 2763 2341 2839 μετείη.

404 2879 435 2935 1
508 2869 665 2937 191:
766 2870 1057 2949 δέγμενος
1108 2870 1440 2949 Αἰακίδην,
1491 2868 1674 2934 ὄπότε
1722 2868 1961 2947 λήξειεν
2007 2868 2242 2933 ἀείδων.

304 2974 473 3041 Vide
515 2983 841 3062 praeterea
888 2986 943 3043 Σ
990 2976 1117 3045 261
1170 2982 1237 3043 et
1284 2986 1337 3041 T
1389 2975 1541 3041 311.

402 3196 461 3253 A
510 3186 677 3253 559:

536 3304 613 3375 τῇ
662 3292 717 3357 δ’
763 3291 863 3357 ὀίω
910 3297 1291 3358 κατανεῦσαι
1342 3293 1679 3371 ἐτήτυμον,
1729 3296 1808 3367 ὦς
1856 3294 2141 3375 Ἀχιλῆα

538 3400 926 3481 τιμήσῃς,
976 3398 1263 3479 ὀλέσῃς
1309 3395 1375 3463 δὲ
1420 3400 1655 3471 πολέας
1707 3400 1808 3464 ἐπὶ
1859 3400 2060 3473 νηυσὶν
2108 3402 2408 3479 Ἀχαιῶν.

302 3502 437 3569 Hic
476 3504 807 3571 Nauckius
844 3512 1013 3571 recte
1048 3505 1267 3570 futura
1302 3507 1621 3581 restituit,
1660 3506 1768 3571 sed
1792 3526 2122 3592 perperam
2145 3506 2400 3592 scripsit
2423 3505 2656 3580 ὅλέσεις
2677 3552 2694 3585 ,

300 3630 459 3677 nam
500 3631 658 3693 ,vera
701 3611 907 3677 forma
952 3619 1051 3677 est
1097 3610 1390 3683 ὅλέεις.
1437 3610 1541 3676 Sic
1577 3619 1627 3675 Φ
1675 3609 1804 3673 133
1845 3610 2090 3699 legitur
2123 3608 2402 3675 ὀλέεσθε.
2453 3611 2693 3679 Eadem

300 3718 689 3783 correctione
748 3737 907 3803 opus
956 3720 1080 3783 erit
1125 3742 1179 3782 ν-
1202 3716 1333 3782 399
1353 3762 1369 3794 ,
1418 3737 1566 3781 nam
1618 3737 1786 3782 nunc
1831 3715 1997 3782 nihil
2043 3736 2194 3781 curo
2239 3717 2695 3802 interpolatum

296 3822 515 3889 locum
554 3844 725 3900 esse,
766 3844 893 3908 qua
931 3824 1009 3889 de
1044 3846 1113 3889 re
1151 3827 1258 3911 egi
1298 3826 1364 3887 iu
1404 3821 1527 3898 Qu.
1567 3821 1766 3887 Hom.
1803 3843 1864 3907 p.
1909 3823 2011 3887 14.
2079 3822 2172 3888 De
2195 3822 2430 3887 futuris
2459 3825 2696 3889 Atticis

299 3927 463 3994 eliso
511 3937 566 3994 Σ
615 3930 763 3995 vide
809 3926 1124 3995 Cobetum
1170 3932 1240 3994 in
1286 3930 1512 3995 Manem.
1559 3927 1736 3993 XIII
1784 3925 1937 3992 392.

396 4152 459 4291 Β·
491 4140 773 4325 &fidere
817 4244 951 4333 ἴθι,
998 4244 1185 4313 οὖλε
1229 4245 1449 4329 ὄνειρε,
1499 4244 1655 4317 θοὰς
1704 4247 1806 4314 ἐπὶ
1857 4254 2003 4323 νῆας
2056 4248 2356 4326 Ἀχαιῶν.

298 4356 511 4443 Loge:
560 4348 813 4427 οὖλος.
889 4352 990 4425 Of.
1038 4352 1158 4435 Qu.
1206 4353 1403 4422 Hom.
1449 4377 1513 4440 p.
1568 4354 1716 4421 136.
