3414 5158
776 1169 923 1260 AD
981 1168 1535 1260 CICERONIS
1594 1167 2412 1260 PALIMPSES'I'OS.

1136 1360 1569 1446 (Continuabur
1615 1383 1685 1424 ex
1718 1383 1862 1444 pay.
1913 1359 2052 1446 ¹78.)

1424 1701 1790 1727 ψ

497 1983 580 2052 G.
643 1984 726 2050 N.
789 2000 877 2051 Du
922 1982 1126 2067 ΒΜ,
1174 2000 1297 2067 quo
1345 1987 1490 2067 post
1534 1981 1785 2046 Maium
1831 2003 2019 2050 nemo
2067 1984 2302 2052 melius
2350 1986 2428 2053 de
2472 1986 2654 2053 libris
2710 2007 2794 2056 1111

404 2090 778 2158 ΒΕΡΠΒΜΟΑ
822 2091 1097 2172 meruit,
1139 2087 1661 2173 palimpsestum,
1716 2109 1840 2174 quo
1889 2091 2326 2177 continentur,
2373 2093 2452 2158 ad
2493 2096 2790 2178 quintum

406 2203 741 2264 sextumve
787 2193 1113 2261 saeculum
1158 2193 1559 2260 referendum
1608 2215 1742 2260 esse
1791 2195 2275 2264 demonstravit.
2367 2198 2451 2264 Et
2492 2203 2796 2267 recentio-

404 2324 541 2369 rem
595 2301 854 2388 quidem
903 2319 1037 2366 esse
1082 2319 1277 2384 quam
1325 2300 1819 2366 Ambrosianum
1871 2308 1935 2366 et
1982 2301 2436 2369 Tam-inensem
2457 2350 2474 2381 ‚
2525 2306 2604 2370 de
2651 2310 2796 2390 qui-

406 2411 528 2476 bus
571 2427 763 2492 supra
799 2407 1043 2471 dictum
1063 2451 1080 2484 ,
1120 2403 1227 2471 vel
1265 2404 1669 2470 festinantius
1705 2409 2072 2490 inspicienti
2111 2409 2524 2474 manifestum
2565 2431 2642 2475 ex
2667 2413 2796 2476 for-

406 2516 535 2578 mis
606 2511 969 2577 litterarum
1030 2508 1169 2574 AD
1194 2507 1385 2587 EM,
1445 2529 1522 2575 ex
1584 2510 1818 2595 quibus
1875 2530 1919 2575 A
1981 2513 2450 2600 quodammodo
2497 2515 2753 2602 obliqua
2779 2565 2796 2595 ,

406 2618 687 2704 reliquae
732 2622 953 2682 autem
997 2619 1093 2680 ita
1138 2614 1512 2681 rotundatae
1558 2622 1624 2680 et
1668 2615 2010 2701 dilatatae,
2059 2624 2132 2682 ut
2179 2639 2231 2684 e.
2258 2640 2325 2705 g.
2375 2638 2416 2684 11
2463 2641 2611 2685 011111
2660 2640 2686 2687 1
2730 2625 2800 2688 in

407 2723 526 2789 hac
585 2722 951 2789 litteratura
996 2722 1265 2787 minime
1310 2720 1611 2788 confundi
1658 2723 1873 2806 possit.
1968 2720 2074 2787 Ad
2126 2730 2422 2807 quartum
2471 2727 2792 2794 saeculum

404 2829 598 2895 refert
658 2826 1076 2893 wattenbach
1097 2876 1116 2911 ,
1180 2826 1346 2911 quod
1394 2847 1651 2893 summa
1698 2826 2133 2893 characterum
2180 2830 2610 2897 similitudine
2656 2854 2798 2900 con·

404 2937 661 3000 iunctus
704 2939 802 2999 est
848 2953 997 2999 cum
1044 2931 1405 2998 Bibliorum
1452 2933 1992 3019 interpretationis
2039 2938 2280 3019 priscae
2328 2936 2797 3023 exemplaribus

405 3037 792 3106 Vei-cellensi
828 3042 895 3104 et
934 3037 1405 3126 Weingartensi
1438 3039 1594 3125 (tab.
1636 3037 1742 3116 20,
1773 3040 1890 3125 21)
1929 3040 2409 3126 antiquissimis.
2459 3046 2798 3131 Antiquior

406 3151 573 3213 certe
632 3145 1001 3212 litteratura
1060 3149 1157 3210 est
1218 3164 1413 3229 quam
1474 3144 1716 3211 Hilarii
1771 3146 1908 3211 cod.
1957 3144 2245 3212 Vaticani
2291 3148 2448 3233 (tab.
2492 3149 2640 3237 52),
2684 3156 2794 3238 qui

410 3256 683 3339 scriptus
744 3256 842 3318 est
902 3252 967 3317 a⁰
1017 3249 1149 3316 509
1194 3258 1309 3315 aut
1356 3248 1523 3329 5103
1575 3254 1642 3315 in
1690 3272 1764 3317 eo
1810 3253 1981 3317 enim
2029 3270 2109 3337 Β,
2155 3269 2191 3319 s
2237 3252 2510 3319 formam
2559 3257 2798 3325 habent

409 3359 597 3446 plane
640 3358 958 3424 diversam
1004 3361 1071 3423 et
1114 3355 1325 3422 multo
1370 3359 1804 3422 recentiorem.
1855 3356 2060 3443 Prope
2105 3362 2324 3424 contra
2369 3361 2616 3427 accedit
2660 3366 2792 3432 tab.

410 3464 531 3543 22,
583 3470 728 3530 acta
772 3460 1047 3529 Concilii
1093 3459 1547 3546 Aquileiensis,
1592 3466 1737 3546 post
1773 3482 2006 3527 annum
2049 3461 2182 3527 438
2220 3463 2289 3527 in
2327 3464 2462 3530 cod.
2503 3466 2793 3537 Parisino

410 3572 681 3657 scripta,
745 3574 810 3634 et
871 3570 1085 3655 magis
1144 3568 1342 3632 etiam
1392 3566 1565 3653 (nam
1612 3566 1832 3632 littera
1875 3574 1900 3631 t
1946 3570 2012 3631 in
2063 3568 2190 3633 tab.
2241 3567 2354 3645 22,
2401 3577 2480 3635 ut
2525 3572 2651 3639 alia
2698 3581 2792 3640 ta-

407 3696 619 3754 ceam,
660 3676 913 3741 novicia
950 3674 1073 3758 est)
1112 3672 1240 3738 tab.
1276 3670 1387 3756 23,
1428 3674 1755 3737 continens
1794 3671 2076 3738 Tabulae
2102 3673 2424 3739 Paschalis
2448 3678 2750 3764 pag-inam
2770 3731 2789 3767 ,

408 3802 598 3867 quam
662 3780 1106 3847 Mommsenus
1148 3797 1273 3843 non
1319 3776 1529 3842 multo
1576 3784 1719 3863 post
1765 3798 2004 3843 annum
2053 3777 2183 3844 447
2233 3782 2534 3865 scriptam
2583 3791 2784 3870 putat.

406 3884 807 3972 Splendidior
842 3882 970 3949 fuit
1006 3884 1203 3949 codex
1240 3882 1652 3967 Reipublicae
1692 3883 2164 3970 maioribusque
2201 3884 2434 3950 litteris
2473 3897 2788 3979 exaratus,

407 3991 517 4059 sed
585 3990 877 4077 aequales
935 3989 1065 4055 fere
1124 3990 1318 4055 habet
1382 3988 1651 4066 formas,
1717 3992 1840 4053 nisi
1901 3990 2068 4075 quod
2114 4010 2158 4055 A
2202 3992 2531 4059 rotundior
2578 4003 2675 4063 est
2720 4002 2788 4064 in

408 4096 724 4165 Chronico
784 4102 848 4161 et
906 4112 945 4159 Ρ
971 4113 1015 4159 n
1038 4112 1075 4170 0
1099 4112 1142 4159 n
1202 4113 1457 4163 versum
1524 4094 1838 4160 excedunt
1865 4144 1882 4170 ,
1933 4099 2115 4162 cuius
2153 4116 2316 4162 usus
2363 4099 2427 4161 in
2475 4098 2634 4187 Rep.
2683 4125 2790 4190 pa.

404 4204 738 4290 limpsesto
813 4200 1260 4267 tantummodo
1322 4202 1631 4287 exiguum
1702 4202 1966 4265 initium
2041 4208 2154 4267 est.
2249 4201 2568 4289 suspicari
2636 4210 2788 4278 licet
2913 4258 2920 4266 -

403 4333 561 4398 opus
608 4308 933 4376 Ciceronis
978 4327 1100 4373 non
1149 4306 1355 4373 multo
1403 4312 1550 4372 ante
1596 4308 1909 4394 scriptum
1928 4356 1946 4389 ,
1996 4315 2061 4375 et
2100 4308 2179 4375 ad
2217 4310 2477 4378 initium
2519 4335 2682 4386 saec.
2733 4318 2788 4387 V

404 4416 803 4487 referendum
847 4435 1000 4483 esse.
