3414 5158
689 347 776 424 62
1758 375 1999 430 mosao.

677 545 978 612 orationis
1041 545 1078 629 ᾖ
1129 542 1398 610 32--74
1464 544 1775 612 habemus
1822 546 2101 612 codicem
2150 545 2771 632 praestantissimum
2818 543 3083 611 Vatica-

675 673 836 718 num
875 672 1032 718 saec.
1063 649 1234 736 VIII,
1278 653 1398 738 qui‘
1425 657 1524 718 est
1569 652 1648 719 ab
1688 654 1945 720 homine
1984 655 2285 738 imperito
2324 655 2597 738 scriptus
2622 652 2729 719 sed
2755 674 2834 718 ex
2856 653 3081 718 codice

679 764 928 822 omnium
971 757 1206 842 optimo.
1255 756 1646 845 Diligentius
1693 759 1901 823 multo
1941 761 2215 844 scriptus
2252 764 2348 825 est
2387 757 2795 826 Taurinensis
2815 806 2831 838 ,
2869 758 2981 824 sed
3004 760 3077 822 in

676 863 834 929 locis
891 862 1355 930 difficilioribus
1403 873 1468 930 et
1513 865 1624 929 ubi
1673 867 1911 931 rariora
1956 865 2266 932 vocabula
2312 868 2747 944 inveniuntur,
2792 871 3075 950 praestat

678 967 1057 1034 Vaticanus:
1131 968 1358 1036 melior
1437 973 1531 1035 est
1595 970 1676 1035 V.
1737 973 2031 1057 quamvis
2102 969 2345 1056 aliquot
2406 970 2677 1036 saeculis
2739 973 3070 1036 recentior.

677 1075 1080 1162 Argumenta
1136 1078 1198 1141 in
1271 1079 1672 1143 annotatione
1734 1077 1897 1143 infra
1957 1079 2192 1162 scripta
2254 1083 2475 1163 sponte
2540 1098 2607 1144 se
2652 1077 2910 1143 offerent
2956 1083 3077 1143 aut

676 1186 896 1266 postea
946 1181 1288 1249 dabuntur.

771 1395 878 1464 18.
931 1395 1101 1464 Gum
1145 1403 1399 1465 senatus
1448 1398 1731 1464 dolorem
1773 1419 1962 1464 suum
2006 1401 2203 1466 vestis
2242 1403 2595 1464 mutatione
2618 1397 3069 1465 declarandum

678 1506 1057 1581 censuisset,
1128 1503 1276 1570 Piso
1345 1505 1564 1570 consul
1636 1505 1877 1571 edicere
1943 1508 2040 1570 est
2102 1526 2293 1570 ausus
2356 1511 2472 1583 „ut
2536 1514 2789 1570 senatus
2851 1509 3072 1569 contra

679 1628 868 1695 qnam
923 1614 1058 1696 ipse
1106 1613 1451 1677 censuisset
1497 1612 1576 1676 ad
1624 1614 1933 1677 vestitum
1981 1610 2274 1676 rediret.”

768 1716 865 1783 De
927 1717 1148 1782 eadem
1214 1739 1280 1783 re
1345 1715 1507 1784 Sest.
1561 1715 1646 1783 32
1701 1739 1883 1800 „cum
1934 1718 2147 1782 subito
2194 1717 2451 1783 edicunt
2496 1717 2817 1795 consules,
2864 1722 2940 1781 ut
2984 1716 3067 1782 ad

677 1841 868 1887 suum
917 1825 1227 1888 vestitum
1267 1828 1584 1888 senatores
1623 1823 1967 1900 redirent.'’
2014 1821 2197 1890 Unde
2238 1823 2365 1889 huc
2398 1823 2837 1890 arcessendum
2862 1845 3062 1886 enum:

686 1927 806 2010 „ad
873 1947 1058 1992 suum
1123 1931 1433 1993 vestitum
1497 1927 1787 1993 rediret’'.
1882 1928 2083 1994 Paulo
2143 1935 2321 2013 post:
2373 1951 2528 2008 „cur
2572 1951 2693 1995 non
2742 1931 2901 1995 meis
2944 1930 3067 1993 ini-

680 2035 902 2115 micis,
965 2033 1127 2096 meis
1189 2031 1428 2117 copiis”
1496 2034 1574 2119 (c.
1626 2031 1665 2097 9
1716 2035 1885 2119 init.)
1932 2035 2209 2119 primus,
2260 2041 2569 2120 quantum
2620 2035 2839 2112 video,
2889 2033 3065 2120 Kay-

557 2148 570 2163 ·
680 2157 857 2203 serus
895 2137 1368 2203 distinctionem
1407 2144 1576 2204 recte
1615 2138 1881 2204 sustulit
1925 2141 2205 2226 (mimicis
2240 2141 2496 2207 dativus
2513 2191 2528 2218 ,
2556 2141 2742 2226 copiis
2764 2139 2891 2205 abl.
2920 2139 3063 2224 est).

771 2352 883 2418 21.
931 2389 1014 2401 —
1069 2351 1479 2437 „complexus
1525 2373 1591 2419 es
1635 2353 1961 2419 funestum
2012 2352 2177 2418 illud
2228 2354 2468 2421 animal
2514 2375 2590 2420 ex
2637 2355 2894 2421 nefariis
2931 2359 3065 2419 stu-

681 2460 847 2545 pris,
913 2479 991 2524 ex
1056 2457 1237 2524 civili
1301 2479 1519 2526 cruore
1538 2509 1555 2543 ,
1607 2481 1683 2525 ex
1732 2466 1984 2524 omnium
2029 2460 2336 2527 scelerum
2388 2462 2874 2546 importunitate
2919 2481 3064 2524 con-

679 2570 967 2651 ceptum,
1016 2570 1207 2651 atque
1251 2567 1447 2631 eodem
1492 2567 1558 2631 in
1603 2568 1843 2651 templo,
1891 2567 2113 2635 eodem
2150 2568 2276 2636 loci
2320 2569 2591 2656 vestigio
2631 2573 2696 2633 et
2736 2567 3060 2653 temporis,

677 2673 944 2738 arbitria
984 2693 1110 2738 non
1157 2676 1287 2739 mei
1334 2672 1576 2747 solum.
1631 2674 1744 2741 sed
1789 2676 2029 2759 patriae
2076 2675 2315 2740 funeris
2363 2673 2757 2740 abstulisti.’'

773 2780 1047 2843 Arbitria
1090 2780 1349 2864 funeris
1393 2784 1545 2845 sunt
1591 2800 1848 2845 summa
1896 2780 2198 2865 pecuniae
2244 2781 2392 2847 data
2440 2784 2530 2847 eis
2554 2831 2569 2861 ,
2621 2782 2852 2867 quibus
2898 2780 3063 2845 arbi-

676 2887 876 2950 trium
924 2883 1001 2949 de
1045 2885 1363 2969 exsequiis
1406 2886 1841 2969 permittitur,
1890 2888 2001 2970 qui
2048 2907 2265 2952 curare
2313 2887 2578 2972 debent,
2628 2894 2702 2952 ut
2746 2887 2936 2951 funus
2975 2887 3061 2949 sit

674 2989 1011 3055 honestum
1061 2994 1126 3054 et
1169 2987 1574 3073 splendidum
1624 3010 1821 3075 eoque
1866 2990 1945 3056 ab
1981 2990 2319 3057 heredibus
2354 3013 2477 3059 non
2517 2992 2787 3059 sordidis
2812 2991 3056 3056 lautam

675 3094 1030 3159 mercedem
1095 3094 1430 3179 accipiunt.
1527 3095 1626 3161 De
1671 3096 1895 3161 eadem
1942 3118 2010 3162 re
2059 3097 2137 3164 de
2184 3097 2390 3165 Domo
2438 3096 2525 3163 98
2578 3099 2834 3178 „videre
2881 3117 3059 3183 prae-

673 3203 952 3264 textatos
1011 3202 1335 3279 inimicos,
1407 3201 1687 3268 nondum
1740 3208 1944 3269 morte
1994 3203 2383 3289 complorata
2400 3254 2419 3289 ‚
2469 3205 2731 3270 arbitria
2777 3207 3059 3290 petentes

675 3303 946 3369 funeris'’
1004 3327 1058 3371 e.
1085 3326 1143 3391 q.
1171 3327 1220 3371 s.
1274 3304 1439 3372 Cum
1487 3305 1630 3373 Sen.
1682 3310 1925 3394 gratiae
1976 3312 2113 3397 egit
2163 3308 2246 3374 18
2299 3310 2618 3389 „nondum
2670 3310 2883 3396 palam
2934 3310 3057 3374 fac·

676 3412 817 3473 tum
864 3416 1033 3495 erat,
1080 3412 1380 3477 occidisse
1425 3412 1891 3498 rempublicam
1911 3461 1930 3496 ,
1980 3436 2127 3480 cum
2175 3417 2297 3482 tibi
2344 3418 2609 3483 arbitria
2654 3417 2892 3482 funeris
2937 3413 3057 3479 sol·

673 3515 1052 3583 vehantur.”
1145 3518 1502 3585 Accedebat
1549 3519 1629 3585 ad
1676 3522 2005 3605 exsequias
2050 3520 2335 3589 illustres
2380 3524 2664 3611 epulum.
2714 3521 2871 3588 Hor.
2922 3519 3054 3586 Sat.

679 3621 768 3686 11.
821 3622 883 3687 3.
932 3621 1056 3688 se:
2390 3608 2413 3631 '

1034 3730 1316 3797 Heredes
1361 3730 1609 3799 Staberi
1655 3753 1981 3799 summam
2028 3734 2304 3801 incidere
2351 3734 2674 3821 sepulcr03

1035 3830 1132 3901 Ni
1169 3840 1259 3902 sic
1304 3837 1634 3917 fecissent,
1682 3838 2112 3926 gladiatorum
2161 3840 2309 3907 dare
2354 3846 2612 3907 centum

1035 3940 1340 4007 Damnati
1387 3944 1620 4029 populo
1671 3950 1861 4029 atque
1908 3944 2168 4030 epulum
2216 3952 2465 4012 arbitrio
2507 3946 2673 4012 Arri.

673 4042 866 4111 Vides
909 4050 1234 4131 proprium
1284 4049 1353 4113 in
1407 4049 1725 4133 exsequiis
1771 4050 2155 4116 vocabulum
2205 4053 2556 4117 arbitrium:
2608 4051 2871 4137 epulum
2921 4058 3053 4116 tam

673 4150 1078 4235 splendidum
1139 4160 1214 4218 ut
1272 4155 1469 4219 etiam
1529 4152 1758 4219 Arrius
1819 4161 2234 4243 sumptuosus
2278 4164 2532 4225 exactor
2576 4158 2887 4245 probaret.
2960 4156 3051 4220 Id.

675 4256 766 4321 ΙΙ.
816 4258 876 4321 5.
936 4257 1094 4324 104:

1523 4454 1528 4461 ³
2277 4372 2639 4458 sepulcrum

1103 4470 1496 4537 Permissum
1545 4473 1799 4539 arbitrio
1849 4477 1986 4542 sine
2033 4477 2324 4543 sordibus
2372 4484 2643 4544 exstrue.
