3414 5158
628 363 720 431 ¹78
1695 380 1942 434 omaso.

627 547 945 613 affirmare
989 550 1371 615 sententiam
1417 552 1672 630 senatus
1719 570 1863 617 eam
1902 551 2189 617 futuram
2224 570 2381 617 esse.
2425 552 2721 618 Praefero
2746 548 3017 618 alteram

627 650 968 719 lectionem
1015 661 1228 717 senatu
1271 660 1648 735 sententiam
1703 656 1932 721 Italiae
1977 677 2089 742 pro
2137 655 2441 723 Cicerone
2488 656 2681 725 fidem
2718 658 3019 744 implora-

627 760 728 825 vit
788 759 1158 845 Pompeius,
1221 760 1452 825 oomli
1497 761 1570 826 P.
1621 760 1895 829 Lentulo
1947 763 2240 848 frequens
2285 764 2536 843 aderat,
2588 765 2837 829 Senot&
2882 787 3020 832 sen-

629 867 900 931 tentiam
961 887 1145 932 suam
1190 867 1598 954 impertiebat
1616 918 1634 953 ,
1693 889 1820 935 non
1866 874 1943 935 ut
1988 875 2205 949 antea,
2256 871 2635 937 occultabat.
2729 871 3019 938 Fortasse

627 994 796 1037 cuam
833 971 1192 1040 addendum
1235 979 1383 1060 post
1425 980 1799 1041 scrutantium.

720 1186 832 1255 81.
892 1187 1150 1267 „Habet
1209 1189 1330 1255 hoo
1376 1192 1585 1257 virtus
1608 1239 1625 1268 ,
1676 1211 1871 1275 quam
1919 1196 1993 1256 tu
2036 1213 2116 1257 ne
2164 1192 2241 1259 de
2290 1194 2451 1259 facie
2497 1194 2760 1279 quidem
2810 1197 3013 1279 nosti,

627 1302 704 1361 ut
760 1298 932 1362 viros
992 1297 1188 1362 sortes
1233 1298 1472 1382 species
1517 1299 1654 1363 eius
1697 1302 1765 1364 et
1811 1298 2177 1383 pulcritudo
2222 1301 2420 1365 etiam
2469 1300 2537 1364 in
2580 1301 2763 1367 hoste
2810 1300 3017 1387 posita

629 1401 960 1469 delectet.'’

716 1508 862 1575 Non
905 1514 1000 1574 est
1044 1506 1322 1575 latinum
1371 1512 1480 1587 „in
1516 1510 1713 1575 hoste
1728 1510 1963 1594 posad’
2000 1531 2115 1597 pro
2156 1518 2299 1578 ante
2340 1513 2554 1579 oculos
2599 1515 2831 1600 posita.
2880 1514 3015 1581 Nec

623 1617 889 1699 capo-vita
903 1666 923 1701 ,
969 1637 1086 1683 nec
1117 1616 1431 1701 proposita
1476 1621 1704 1703 aptum
1752 1623 1852 1683 eet
1869 1664 1890 1695 ,
1941 1618 2049 1683 sed
2096 1626 2398 1703 conspecta
2442 1616 2747 1705 (Especta).

719 1936 819 2003 Ex
889 1956 1080 2023 supra
1149 1937 1403 2021 scriptis
1473 1940 1711 2021 quanta
1775 1938 1861 2001 sit
1921 1938 1991 2001 in
2038 1936 2378 2003 Pisoniana
2424 1936 2718 2004 Vaticani
2764 1939 3014 2005 bonitas

630 2042 956 2128 apparebit
1017 2042 1269 2109 collatis
1328 2043 1364 2127 ς
1412 2041 1497 2107 47
1564 2044 1715 2130 (lece
1777 2052 1899 2119 eet,
1966 2063 2093 2108 om.
2145 2064 2182 2108 a
2228 2042 2354 2129 ³12),
2403 2041 2491 2109 48
2544 2043 2800 2130 (lacuna
2844 2050 3013 2111 recte

627 2149 892 2236 notata),
941 2147 1024 2215 61
1072 2149 1350 2234 (aetalia
1398 2150 1520 2213 iam
1561 2148 2010 2234 escendentem),
2064 2148 2147 2213 59
2198 2150 2371 2238 (iam)
2388 2200 2407 2235 ,
2458 2149 2544 2216 66
2592 2152 3009 2237 (amatoribus,

628 2254 705 2320 Τ.
763 2256 1119 2341 maioribue3
1170 2256 1570 2347 proter-bine,
1610 2254 1682 2319 Τ.
1742 2255 2066 2340 pacemne)
2084 2274 2101 2332 ;
2169 2255 2360 2322 addas
2420 2257 2523 2323 his
2569 2260 2605 2343 ᾗ
2654 2257 2741 2323 62
2788 2260 3003 2336 lutum,

627 2360 740 2426 ubi
786 2358 862 2425 Τ.
909 2382 1128 2427 rursus
1173 2360 1343 2427 male
1389 2368 1616 2446 tutum,
1665 2362 1702 2445 ξ
1752 2358 1835 2425 36
1884 2368 2154 2451 accepta,
2203 2360 2372 2427 male
2419 2362 2497 2427 Τ.
2545 2372 2799 2449 recepta.
2872 2362 3011 2430 Soli

624 2469 932 2554 postremi
990 2473 1262 2554 quatuor
1303 2467 1430 2534 loci
1473 2465 1656 2533 litem
1709 2466 2059 2533 dirimunt:
2112 2467 2457 2536 Vaticanus
2500 2492 2539 2537 a
2582 2470 2845 2537 librario
2889 2472 3010 2536 mi-

625 2595 745 2640 nus
789 2573 1204 2663 intellegente
1248 2576 1522 2660 scriptus
1563 2578 1660 2640 est
1703 2578 1769 2640 et
1814 2576 2039 2659 quavis
2080 2576 2318 2662 pagina
2362 2578 2645 2644 continet
2707 2578 2872 2644 vitia
2930 2597 3008 2642 ex

624 2681 794 2747 male
857 2682 1082 2747 divisis
1143 2679 1470 2747 vocabulis
1531 2679 1977 2764 similibusque
2022 2687 2205 2756 nata,
2259 2682 2368 2746 sed
2419 2683 2531 2747 ubi
2574 2685 2817 2749 rariora
2858 2689 3007 2749 sunt

622 2787 934 2854 vocabula
1001 2793 1064 2853 et
1133 2789 1628 2852 constructiones
1649 2834 1666 2862 ,
1738 2788 2047 2851 maiorem
2115 2785 2309 2852 habet
2377 2786 2589 2854 fidem.
2652 2788 2885 2855 Paucis
2930 2788 3005 2855 Τ.

622 2900 898 2979 praestat
943 2897 1018 2958 ut
1060 2893 1097 2976 ξ
1145 2891 1230 2956 62
1275 2896 1610 2976 praeripuit
1653 2889 1760 2976 (V.
1793 2893 2105 2976 peremit),
2147 2889 2233 2957 48
2273 2892 2570 2977 (dubium
2614 2896 3007 2962 additamen-

620 3006 763 3066 tum
827 3020 954 3067 om.
1016 2996 1157 3084 Τ.),
1225 2997 1312 3062 62
1369 2998 1649 3082 (spiculis
1686 2997 1827 3083 Τ.),
1878 2995 1963 3061 65
2008 2999 2116 3061 scd
2158 3000 2231 3063 dc
2273 3000 2381 3064 hoc
2429 3024 2547 3066 non
2599 3002 2841 3069 dubito,-
2888 3025 3007 3068 non

622 3106 728 3184 Τ.;
782 3107 892 3170 sed
947 3107 1090 3170 haec
1152 3125 1272 3169 non
1331 3104 1568 3168 dubito:
1638 3126 1776 3168 nam
1821 3126 1941 3168 non
1984 3103 2093 3190 V.;
2142 3105 2235 3171 ibi
2285 3127 2425 3173 raro
2470 3110 2541 3174 in
2586 3108 2662 3173 V.
2712 3108 3004 3197 exemplo

619 3234 758 3276 nam
796 3211 1255 3295 interpolatum
1285 3215 1403 3295 est,
1425 3209 1929 3297 legendumque:
1975 3211 2121 3294 „sed
2144 3213 2253 3276 hoc
2274 3234 2399 3279 non
2424 3214 2681 3280 dubito:
2710 3237 2836 3282 non
2862 3215 3007 3280 —-.”

620 3317 746 3383 Sed
791 3317 1030 3383 stultus
1075 3319 1233 3395 sim,
1283 3318 1339 3382 si
1386 3315 1570 3401 plura
1613 3316 1951 3404 colligam,
1994 3319 2120 3382 nisi
2169 3318 2331 3384 forte
2378 3326 2451 3385 ut
2498 3321 2743 3388 aridam
2786 3329 3005 3408 suapte

619 3433 848 3488 natura
908 3422 1510 3488 demonstrationem
1573 3425 1892 3488 suavitate
1952 3421 2236 3489 locorum
2302 3425 2696 3505 exhilarem‚
2679 3449 2695 3466 ·
2766 3433 2833 3496 at
2886 3431 3005 3494 erit

618 3537 762 3616 post
807 3550 1056 3615 quoque
1100 3529 1284 3595 flores
1328 3526 1659 3594 Tullianos
1705 3529 2002 3614 carpendi
2048 3529 2216 3596 inter
2267 3534 2543 3599 salebras
2596 3533 3005 3600 librariorum

619 3637 777 3702 satis
845 3635 1056 3721 ampla
1115 3637 1592 3721 opportunitas,
1662 3635 1980 3720 siquidem
2048 3638 2111 3699 in
2172 3637 2293 3702 hoc
2354 3659 2585 3725 genere
2645 3641 3004 3760 scriptionis

619 3739 805 3829 larga
849 3741 1245 3827 exspatiandi
1287 3743 1476 3810 venia
1521 3741 1781 3808 concedi
1828 3740 2006 3807 solet.

1527 3925 1554 4010 (
1565 3923 2081 4006 Continuabibur.)

2062 4107 2133 4175 o.
2183 4107 2277 4174 M.
2328 4109 2819 4210 ΕΒΑΝΟΚΕΝ.
