3414 5158
1446 376 1738 427 merrus.
2369 440 2374 444 ,
2647 357 2782 431 21⁹7

490 541 614 607 III.
668 540 753 607 52
808 544 869 606 0.
916 544 1217 627 Subpieiue
1264 543 1344 607 D.
1395 542 1689 607 Haterius
1733 546 2001 609 consules
2045 550 2390 630 sequuntur,
2439 545 2785 609 inturbidus

396 649 658 713 externis
720 651 892 713 rebne
952 671 1181 726 annue,
1232 651 1390 715 domi
1434 658 1808 735 suspecta
1855 657 2167 716 severitate
2209 652 2495 715 adversae
2539 652 2785 735 Imm,
2835 672 2838 675 ’

396 756 501 841 qui
546 757 873 820 inmens-um
912 764 1271 841 proruperat
1318 758 1402 821 ad
1442 768 1655 821 cuneta
1700 764 1834 842 quie
1873 764 2126 841 pecnnia
2162 759 2530 844 prodiyitnr.

489 862 817 928 Aedilibus
878 866 1153 949 priscam
1217 866 1626 930 severitatem
1690 864 2106 929 induentibus
2153 864 2414 930 consilia
2460 863 2576 929 illo
2621 882 2787 929 anno

394 970 643 1054 agitata
711 976 894 1045 sunt,
971 970 1205 1055 quibus
1274 969 1467 1035 luxus
1536 976 1949 1036 coerceretur.
2044 968 2510 1058 Corrigendum
2581 972 2790 1057 igitur

396 1082 767 1158 suscepta
822 1076 1170 1154 severitate3
1234 1078 1314 1142 cf.
1382 1075 1515 1143 Cic.
1564 1076 1751 1142 Verr.
1798 1076 1908 1141 IV.
1960 1075 2078 1141 69:
2129 1096 2256 1143 non
2301 1077 2530 1141 iudicis
2578 1075 2786 1141 solum

398 1184 803 1248 severitatem
852 1184 921 1247 in
967 1184 1089 1249 hoc
1138 1185 1445 1267 crimine,
1490 1184 1598 1248 sed
1650 1202 1840 1269 prope
1884 1185 2138 1249 inimici
2178 1190 2368 1268 atque
2405 1184 2786 1248 accusatoris

397 1290 530 1353 vim
580 1290 897 1373 suscipere
945 1289 1167 1374 debes3
1216 1310 1330 1375 pro
1376 1289 1556 1355 Sulla
1604 1288 1730 1355 87:
1779 1292 1904 1354 nisi
1955 1296 2120 1355 esset
2157 1291 2465 1355 severitas
2502 1287 2618 1353 illa
2657 1308 2791 1353 sus-

398 1399 581 1477 cepta
596 1413 612 1469 ;
656 1414 777 1478 pro
824 1392 1039 1459 Caelio
1085 1393 1204 1461 16:
1248 1395 1413 1459 mihi
1448 1398 1896 1461 auctoritatem
1937 1397 2212 1481 patriam
2255 1396 2790 1478 severitatemque

402 1519 699 1583 susc1p10.

492 1714 616 1779 III.
668 1712 753 1782 6¹7
792 1738 908 1779 nee
953 1716 1191 1779 dubium
1240 1716 1563 1780 habebatur
1608 1716 1897 1779 saevitiae
1948 1723 2364 1800 captarumque
2406 1714 2794 1797 pecuniarum

404 1822 595 1885 teneri
654 1844 818 1885 reum
884 1820 1273 1907 [Silanum];
1335 1823 1443 1886 ced
1498 1824 1687 1885 multa
1749 1824 2184 1903 adgerebantur
2247 1820 2420 1885 etiam
2469 1820 2797 1883 insontibus

388 1926 769 2009 periculosa,
844 1950 973 1990 enm
1039 1950 1214 2011 cuper
1274 1935 1359 1993 tot
1414 1934 1718 1992 senatores
1777 1929 2052 1992 adversos
2097 1926 2569 2011 facundissimis
2616 1925 2798 1989 totins

404 2032 587 2096 Asiae
657 2055 832 2117 eoque
903 2034 987 2097 ad
1052 2034 1447 2098 acemandum
1510 2035 1750 2097 delectio
1812 2034 2192 2117 responderet
2256 2032 2418 2096 colna
2479 2044 2535 2096 et
2581 2034 2800 2097 orandi

404 2138 635 2203 nescius
653 2187 667 2215 ,
686 2139 936 2222 proprio
979 2140 1061 2203 in
1098 2147 1297 2203 metu
1316 2188 1335 2223 ,
1373 2145 1478 2225 qui
1500 2146 1813 2203 exercitam
1837 2162 2061 2225 quoque
2085 2139 2473 2224 eloquentiam
2497 2138 2794 2202 debilitat.

492 2244 881 2329 Respondit,
956 2248 1212 2330 opinor,
1282 2248 1536 2330 proprio
1584 2251 1649 2310 et
1711 2244 1990 2311 naturali
2053 2246 2144 2308 im
2153 2253 2350 2327 petu
2412 2247 2456 2309 i.
2507 2264 2560 2309 e.
2624 2246 2692 2310 vi
2737 2247 2801 2309 et

403 2350 609 2416 calore
677 2371 804 2416 non
865 2350 1177 2416 arcessitis
1237 2357 1302 2415 et
1363 2351 1699 2435 quaesitis,
1764 2372 1924 2436 quae
1975 2352 2316 2417 exercitam
2367 2370 2617 2435 quoque
2669 2350 2800 2415 elo-

404 2459 733 2541 quentiam
800 2456 1159 2521 debilitant.
1253 2456 1509 2522 Etenim
1572 2455 1863 2533 Silanus,
1931 2457 2149 2521 orandi
2213 2458 2499 2541 nescius,
2547 2459 2798 2540 impetu

408 2564 619 2650 magis
680 2584 873 2648 quam
946 2583 1097 2628 cura
1157 2562 1461 2650 vigebat,
1520 2567 1596 2627 ut
1656 2563 1734 2628 de
1800 2561 1874 2643 Q.
1935 2560 2206 2628 Haterio
2255 2560 2450 2626 tradit
2497 2560 2793 2639 Tacitus,

402 2670 567 2734 Ann.
634 2668 738 2733 IV.
790 2668 898 2732 61.
949 2667 1047 2735 Cf.
1096 2664 1227 2733 Cic.
1281 2666 1453 2733 Orat.
1506 2667 1629 2734 68:
1681 2667 1866 2734 aliter
1913 2671 1978 2733 in
2026 2670 2308 2733 oratione
2353 2688 2469 2732 nec
2517 2670 2798 2751 impetus

403 2774 576 2841 ullus
622 2795 737 2840 nec
784 2775 883 2840 vis
930 2796 1063 2840 esse
1107 2779 1349 2860 potest;
1404 2776 1482 2840 ad
1525 2774 1666 2841 Att.
1715 2773 1825 2839 XI.
1875 2774 1951 2838 5:
1995 2776 2241 2858 impetu
2281 2775 2492 2861 magis
2517 2773 2792 2858 quodam

402 2883 502 2946 uti
548 2901 739 2965 quam
790 2883 1211 2969 cogitatione;
1261 2879 1431 2945 Plin.
1480 2881 1594 2966 Ep.
1645 2880 1734 2945 II.
1798 2879 1915 2944 19:
1965 2881 2280 2954 actiones,
2329 2898 2489 2964 quae
2527 2881 2795 2944 recitan-

402 2995 544 3071 tur,
602 2990 920 3072 impetum
975 3007 1229 3052 omnem
1278 2985 1677 3072 caloremque
1727 2985 2018 3071 perdunt.

494 3197 607 3264 III.
676 3197 759 3266 Ι76
823 3192 893 3264 L.
958 3199 1243 3265 Ennium.
1295 3247 1309 3264 .
1338 3249 1354 3264 .
1385 3249 1401 3264 .
1429 3247 1443 3264 .
1497 3200 1823 3264 maiestatis
1871 3200 2246 3282 postulatum
2268 3245 2283 3274 ,
2345 3199 2506 3284 qnod
2548 3198 2792 3282 effiqiem

388 3306 688 3389 principie
722 3307 1081 3389 promiscum
1129 3307 1215 3370 ad
1254 3327 1422 3370 neum
1469 3307 1703 3388 arpenti
1749 3306 2063 3389 vertisset,
2110 3305 2298 3387 recipi
2355 3301 2578 3370 Caesar
2635 3304 2795 3368 inter

398 3434 529 3476 reos
574 3413 799 3486 vetnit,
845 3413 1049 3494 palam
1092 3420 1453 3495 aspernante
1498 3415 1669 3478 Ateio
1727 3411 2014 3495 Capitone
2059 3411 2234 3495 quasi
2271 3434 2389 3493 per
2440 3411 2788 3475 libertatem.

398 3540 517 3582 non
566 3519 715 3582 enim
764 3519 971 3582 debere
1016 3519 1171 3602 eripi
1206 3519 1489 3601 patribus
1534 3525 1649 3582 vim
1698 3519 2002 3582 statuendi
2049 3539 2234 3600 neque
2284 3525 2512 3580 tantum
2560 3517 2793 3598 malefi-

400 3630 553 3688 cium
599 3626 834 3707 impune
876 3625 1224 3690 habendum.
1274 3649 1419 3688 eane
1465 3627 1660 3690 lentus
1712 3623 2062 3710 [Tiberius]
2111 3624 2178 3687 in
2223 3645 2328 3688 suo
2368 3624 2570 3687 dolore
2611 3629 2792 3688 met.-

396 3735 490 3793 rei
522 3730 807 3812 publicae
851 3730 1114 3794 iniuriae
1162 3753 1253 3794 ne
1294 3733 1365 3794 ta
1385 3732 1776 3811 rqiretnr.

490 3835 829 3902 Postrema
896 3837 1088 3901 verba
1156 3836 1529 3922 interpretes
1588 3843 1651 3900 et
1712 3835 1984 3902 editores
2048 3833 2413 3922 intelligere
2474 3832 2794 3899 affirmant

402 3943 537 4019 „rei
582 3940 873 4027 publicae
918 3944 1186 4007 iniurias
1234 3963 1313 4008 ne
1358 3945 1711 4028 impunitas
1761 3940 2200 4026 relinqueret.'’
2247 3937 2462 4006 Donec
2503 3939 2797 4025 exempla

397 4047 739 4112 afferantur
784 4067 861 4112 ex
909 4049 1139 4131 quibus
1184 4052 1427 4114 constet
1474 4047 1792 4134 largiendi
1839 4047 2032 4112 verbo
2081 4047 2244 4112 hanc
2289 4048 2424 4110 vim
2471 4051 2642 4110 recte
2681 4047 2796 4110 tri-

400 4153 625 4218 butam
672 4173 843 4236 esse,
892 4159 967 4216 ut
1006 4151 1260 4238 legatur
1298 4152 1529 4218 suadeo
1570 4159 1659 4218 rei
1686 4153 1968 4235 publicae
2006 4153 2270 4217 iniurias
2307 4152 2794 4217 resarciret.

405 4256 503 4326 Cf.
570 4256 703 4325 Cic.
769 4257 939 4323 Phil.
1002 4255 1117 4322 IX.
1172 4257 1242 4321 4:
1291 4257 1472 4323 nulla
1520 4258 1837 4324 dubitatio
1882 4258 2310 4343 relinquetur,
2358 4261 2513 4344 quin
2559 4257 2794 4323 honore

398 4368 671 4440 mortui,
722 4386 912 4450 quam
962 4367 1111 4430 vivo
1160 4367 1459 4429 iniuriam
1514 4366 1816 4442 fecimus,
1869 4368 2238 4431 sarciamus.
