3414 5158
667 347 799 414 414
1663 363 2062 416 nannenus.

661 532 1040 600 Dmmnor
1109 531 1308 621 (Tour
1373 533 1465 600 du
1529 532 1764 601 monde
1830 535 1925 598 11⁰.
2002 537 2033 598 1
2048 531 2179 599 180
2196 581 2215 612 ,
2286 554 2351 620 p.
2404 533 2557 614 112)
2604 533 2761 600 haec
2802 539 3053 602 narrat:

665 636 932 707 Comme
991 640 1145 708 dans
1207 646 1351 706 tons
1410 639 1505 708 les
1563 661 1724 729 pays
1786 641 1865 706 de
1909 645 2289 728 montagnes
2310 689 2329 718 ,
2376 640 2471 707 les
2518 644 2872 728 troupeaux
2916 661 3059 710 con-

663 748 936 814 stituent
993 746 1059 814 la
1119 747 1394 814 richeese
1455 747 1564 814 des
1625 746 2003 833 villageois:
2068 745 2239 812 leurs
2286 751 2585 814 montone
2632 768 2711 815 ne
2756 754 2904 816 sont
2945 769 3061 834 pas

661 851 1019 946 seulement
1059 852 1530 940 remarquables
1577 873 1691 939 par
1737 853 1803 919 la
1846 872 2079 920 savem·
2122 852 2201 918 de
2239 851 2381 920 leur
2414 852 2593 918 cheir
2629 857 2695 920 et
2732 852 2798 920 la
2834 852 3062 920 finesse

663 958 741 1025 de
801 958 944 1024 leur
1007 957 1177 1025 laine
1195 1009 1214 1044 ‚
1278 959 1480 1028 nsitee
1529 959 1689 1026 dans
1730 958 1825 1026 lee
1872 956 2279 1025 fabricatione
2328 959 2437 1025 dee
2491 962 2656 1045 tapis
2673 1007 2691 1038 ,
2740 963 2909 1026 mais
2954 981 3061 1026 en-

663 1085 804 1132 core
851 1085 965 1150 par
1010 1064 1076 1132 la
1123 1085 1325 1152 queue
1377 1066 1666 1132 arrondie
1681 1112 1699 1146 ‚
1747 1067 1859 1150 qui
1906 1085 2139 1132 couvre
2188 1067 2607 1132 entierement
2646 1065 2707 1134 le
2733 1069 2898 1134 train
2919 1087 3061 1154 pos·

662 1171 900 1238 terieur
945 1177 1010 1239 et
1055 1168 1344 1239 re‘tombe
1388 1193 1496 1238 sur
1541 1171 1634 1238 les
1680 1173 1938 1238 cuisses.
2002 1169 2124 1238 Oet
2170 1191 2426 1239 enorme
2472 1173 2817 1259 appendice
2860 1178 3059 1262 grais-

663 1299 820 1344 seux
867 1284 964 1345 est
1013 1278 1436 1366 quelquesfois
1486 1281 1540 1344 si
1588 1277 1931 1366 developpe
1978 1280 2158 1365 apres
2204 1279 2756 1368 l'engraissement
2770 1330 2787 1361 ,
2819 1282 3059 1368 quoles

663 1384 922 1473 bergers
968 1389 1110 1452 sont
1157 1384 1404 1473 obliges
1451 1386 1529 1451 de
1575 1383 1637 1451 le
1686 1385 1845 1452 faire
1892 1405 2142 1471 reposer
2180 1407 2291 1452 sur
2329 1387 2407 1452 dc
2430 1389 2663 1473 petites
2687 1388 3055 1456 chartettee.

754 1598 873 1666 111.
925 1597 1076 1666 117.
1125 1599 1407 1679 ποταμὸς
1455 1597 1706 1680 μέγας,
1764 1599 1995 1679 οὔνομα
2044 1601 2105 1667 δὲ
2151 1598 2217 1667 οἵ
2252 1602 2344 1670 ἐτι
2382 1605 2650 1676 ”Anna
2744 1599 2869 1668 Pro
2914 1600 3059 1668 Flo-

666 1707 903 1774 rentini
971 1705 1206 1774 codicis
1273 1706 1545 1773 lectione
1613 1715 1811 1774 AKIc
1880 1707 2123 1774 militat
2198 1707 2414 1797 glossa
2472 1708 2790 1796 Hesychii
2847 1707 3023 1781 'Axlc
3042 1731 3059 1748 ·

670 1814 952 1892 ποταμὸς
1024 1814 1246 1887 Ἀσίας
1268 1861 1285 1894 ,
1350 1833 1542 1900 quam
1607 1813 2041 1900 incorruptam
2103 1836 2236 1882 esse
2297 1820 2573 1882 testatur
2641 1814 2834 1882 lexioi
2892 1815 3065 1881 κατὰ

669 1929 933 2002 ςοιχεῒον
979 1923 1316 2007 compositi
1363 1920 1535 1986 ordo,

760 2027 920 2094 Post
971 2047 1174 2115 pauca
1219 2027 1465 2093 editur:
1512 2026 2021 2110 ἀποκεκληιμένου
2068 2027 2131 2094 δὲ
2179 2034 2287 2094 τοῦ
2339 2026 2559 2102 ὕδατος
2608 2063 2694 2080 -·
2739 2030 2813 2094 τὸ
2862 2027 3067 2094 πεδίον

671 2135 742 2199 τὸ
781 2132 947 2206 ἐντὸς
997 2139 1115 2198 τῶν
1161 2131 1370 2214 οὐρέων
1417 2131 1698 2212 πέλαγος
1750 2134 1993 2212 γίνεται
2024 2132 2417 2207 ,ΕΝδιδόντος
2457 2135 2573 2212 μὲν
2608 2139 2718 2202 τοῦ
2744 2138 3060 2214 ποταμοῦ,

671 2236 920 2317 ἔχοντος
985 2239 1225 2322 οὐδαμῇ
1289 2236 1593 2314 ἐξήλυσιν.
1687 2239 1858 2305 Bene
1920 2239 2277 2314 ἐκδιδόντος
2325 2243 2599 2308 correxit
2645 2241 2952 2331 Madvig,
3000 2248 3064 2309 et

668 2343 756 2408 IV
817 2342 904 2408 50
964 2345 1213 2412 Bredov
1279 2343 1526 2410 ἐκδιδοῖ
1579 2348 1643 2412 et
1705 2343 2056 2411 ἐκδιδοῦσα
2119 2366 2233 2433 pro
2280 2346 2535 2414 ἐσδιδοῖ
2574 2352 2640 2414 et
2686 2347 3060 2414 ἐσδιδοῦσα.

667 2451 910 2518 Eadem
977 2453 1327 2519 constantia
1373 2450 1452 2518 de
1499 2451 1716 2520 fluviis
1762 2451 1997 2518 dicitur
2042 2451 2438 2532 ἐσβάλλειν,
2487 2474 2615 2523 non
2662 2452 3056 2534 ἐκβάλλειν,

668 2557 957 2636 ἐξιέναι.
1019 2579 1145 2627 non
1207 2556 1490 2626 ἐσιέναι.
1586 2557 1858 2627 Diversa
1916 2561 2146 2627 miscet
2190 2557 2469 2629 Thomas
2530 2562 2844 2651 magister
2890 2584 2944 2629 s,
2993 2584 3059 2631 v.

667 2666 997 2747 ἐκβάλλει.
1089 2666 1258 2733 Loco
1326 2666 1380 2732 Ι.
1461 2664 1592 2733 179
1656 2664 1964 2745 ἐσβάλλει
2034 2663 2203 2740 οὗτος
2274 2668 2335 2741 ἐς
2400 2667 2506 2734 τὸν
2565 2668 2900 2751 Εὐφρήτην
2962 2668 3061 2753 [τὸ

669 2772 921 2860 ῥέεθρον]
994 2774 1352 2859 suspicione
1409 2792 1536 2839 non
1593 2778 1833 2841 vacant
1896 2774 2022 2841 duo
2081 2773 2319 2841 ultima
2377 2772 2709 2843 vocabula.
2802 2773 2901 2843 cf.
2948 2775 3059 2843 IV.

675 2879 778 2947 41.
833 2880 944 2949 49.
991 2878 1098 2949 5¹7.

758 2987 912 3053 Mox
968 2990 1037 3053 in
1099 2987 1311 3054 verbis
1375 2985 1565 3053 ἐπεὰν
1629 2985 1691 3052 δὲ
1741 2984 2041 3069 διάκορος
2092 2988 2127 3063 ἦ
2175 2994 2265 3065 γῆ
2313 2992 2521 3070 σφεων
2570 2986 2827 3067 γένηται
2870 2990 3055 3055 resti-

667 3099 893 3160 tuatur
939 3094 1144 3160 forma
1187 3094 1451 3179 antiqua
1495 3096 1561 3158 et
1603 3094 1851 3159 sincera
1897 3090 2207 3173 διακορῆς,
2256 3093 2530 3161 formata
2575 3098 2650 3160 ut
2688 3096 3056 3177 κατακορής,

667 3220 781 3286 pro
845 3220 970 3285 qua
1028 3201 1346 3284 aequiores
1411 3197 1673 3264 demum
1739 3203 2128 3285 usurparunt
2174 3199 2540 3282 κατάκορος,
2592 3206 2671 3267 ut
2713 3202 3053 3270 eorundem

665 3318 771 3370 est·
829 3302 1170 3386 πρόσκορος.
1263 3302 1583 3371 Similiter
1652 3303 2004 3392 Xenophon
2074 3304 2223 3372 Lac.
2294 3327 2425 3392 rep.
2498 3306 2533 3372 I
2598 3305 2637 3373 5
2701 3308 2959 3377 dederat
3000 3308 3052 3374 εἰ

672 3408 1089 3493 διακορεῖς
1136 3410 1429 3485 άλλῆλων
1475 3406 1617 3492 εἶεν,
1664 3432 1790 3479 non
1836 3410 2129 3494 διάκοροι,
2185 3412 2356 3499 quod
2400 3412 2634 3482 editur.

757 3622 871 3691 111.
937 3624 1083 3691 114.
1153 3624 1259 3691 καὶ
1323 3624 1566 3708 δένδρεα
1612 3648 1663 3691 α·
1677 3624 1723 3691 ά
1742 3650 1772 3691 ν
1787 3649 1827 3692 τ
1844 3649 1890 3692 α
1934 3622 2149 3709 ἄγρια.
2244 3624 2417 3693 Qum
2464 3626 2756 3697 Mehlero
2800 3632 3053 3717 requiro

664 3754 715 3797 π
730 3754 774 3797 α
793 3756 822 3797 ν
841 3756 880 3798 τ
897 3755 926 3798 ο
942 3739 1050 3800 Ta.

759 3946 875 4015 111.
927 3948 1094 4029 121,
1144 3948 1208 4025 2,
1274 3948 1886 4030 κατηλογέοντα
1934 3949 2019 4017 τοὶ
2067 3950 2351 4033 Ὀροίτεω
2402 3954 2780 4034 πρήγματα.
2827 3948 3049 4017 Huius

662 4056 906 4123 formae
965 4055 1218 4123 Ionicae
1283 4056 1581 4143 (quacum
1641 4062 1890 4143 praeter
1936 4056 2249 4134 διπλήσιος
2299 4062 2364 4123 et
2408 4057 2649 4124 similia
2695 4058 3049 4143 comparari

663 4168 872 4250 potest
933 4161 1287 4249 κατηβολῆ)
1349 4162 1615 4229 fortasse
1681 4169 1932 4233 servata
1986 4170 2083 4231 est
2128 4165 2208 4229 ab
2254 4162 2582 4252 Hesychio
2629 4164 2943 4230 memoria
2980 4166 3050 4228 in

663 4269 878 4355 glossa
937 4279 1407 4346 κατηλΕΠοντα
1428 4290 1443 4305 ·
1506 4270 1832 4352 φροντίδας
1895 4276 2184 4336 ποιοῦντα
2203 4317 2219 4350 ,
2282 4292 2475 4357 quam
2522 4274 2614 4337 sic
2657 4275 2903 4337 tentare
2947 4268 3048 4336 lu-

664 4376 800 4441 bctz
873 4376 1529 4457 κατηλογέοντα·
1601 4376 1897 4459 Φροντίδα
1958 4380 2064 4444 οὐκ
2125 4374 2354 4458 ἔχοντα
2407 4378 2514 4445 vel
2563 4378 2876 4463 φροντίδος
2940 4376 3051 4444 οὐκ

661 4480 958 4568 ἀξιοῦντα
974 4530 992 4565 ,
1042 4504 1190 4552 nam
1239 4482 1682 4575 explicationis
1727 4484 2031 4553 correctio
2072 4485 2319 4553 incerta
2361 4488 2476 4554 est.
