3414 5158
1452 408 1692 462 menno.
2641 392 2775 464 285

383 576 633 645 librarii
679 576 952 644 alicuius
998 577 1308 645 debentur
1323 626 1342 663 ,
1387 576 1593 644 malas
1636 576 1885 644 librarii
1932 598 2067 645 esse
2102 577 2431 665 probabile
2469 584 2593 661 est3
2634 581 2767 647 ism

385 684 566 752 vides
614 704 844 772 pravas
889 686 1302 752 correctiones
1348 686 1393 751 i.
1420 705 1470 751 e.
1523 684 1807 763 librarii,
1856 706 2053 771 paene
2099 684 2309 752 nullas
2354 687 2555 753 factes
2602 708 2767 767 esse,

383 791 554 858 unde
617 792 748 858 fere
806 810 932 858 non
996 812 1072 858 ex
1131 793 1389 880 ingenio
1447 791 1813 858 emendasse
1872 798 2284 859 correctorem
2346 793 2767 860 demonstrari

384 902 612 983 potest.
704 896 920 965 Bonae
981 900 1400 964 correctiones
1457 900 1694 984 partim
1760 898 2005 965 librarii
2050 900 2385 987 ingenium
2434 905 2775 985 supersum

384 1006 624 1089 purtim
670 1002 902 1071 dubiae
949 1005 1219 1093 originis
1263 1024 1376 1089 per
1419 1024 1486 1070 se
1533 1006 1664 1069 sint
1687 1054 1702 1081 ,
1752 1006 2054 1089 quoniam
2088 1010 2301 1072 tamen
2339 1011 2513 1073 certe
2536 1006 2769 1073 codicis

384 1108 670 1176 melioris
689 1156 706 1189 ,
745 1112 987 1177 incerte
1025 1111 1396 1177 temerariae
1438 1112 1845 1177 correctionis
1883 1114 1948 1175 in
1990 1110 2255 1197 reliquis
2290 1114 2570 1200 vestigia
2604 1121 2753 1182 sunt

385 1216 681 1284 convenit
739 1216 856 1282 has
915 1236 1164 1303 quoque
1219 1216 1414 1283 codici
1479 1216 1853 1283 adscribere.
1900 1217 2094 1285 Mitto
2140 1239 2301 1305 quse
2344 1223 2631 1306 proxime
2673 1245 2775 1290 se-

384 1327 670 1409 quuntur
685 1370 702 1400 ,
751 1326 970 1389 minus
1015 1322 1358 1409 notabilie;
1403 1344 1604 1411 pergo

446 1430 484 1515 ξ
523 1427 564 1493 9
657 1430 1020 1515 neinprobis
1391 1450 1472 1496 ne
1516 1434 1779 1514 pereunt
1820 1430 2105 1515 inprobis
2226 1452 2304 1498 ex
2352 1433 2487 1501 cod.

386 1535 484 1621 *§
522 1534 608 1602 10
654 1534 1096 1602 consulentem
1396 1534 1616 1603 consul
1663 1536 1930 1603 fuissem
1968 1536 2189 1603 consul

705 1641 812 1725 (cf.
839 1640 928 1707 du
949 1640 1116 1708 Rieu
1139 1663 1202 1728 p.
1233 1638 1346 1729 33)
1485 1646 1702 1708 eutem

657 1751 1027 1833 praemetur
1395 1750 1822 1835 impremetnr
2225 1770 2423 1837 prave
2466 1772 2623 1819 corr.

446 1855 484 1940 §
525 1853 605 1920 11
656 1852 1141 1940 quodidicerunt
1391 1856 1565 1940 prior
1623 1874 1818 1923 corn:
1871 1854 2039 1941 quod
2083 1853 2179 1920 di-

1397 1959 1667 2027 dicerint
1682 1981 1700 2038 ;
1745 1960 1981 2027 altere:
2019 1961 2189 2046 quod

1397 2086 1510 2132 nec
1557 2065 1897 2133 didicerint
2230 2068 2431 2136 altere
2475 2089 2556 2137 ex
2591 2070 2731 2138 cod.

405 2174 468 2260 (ς
511 2170 596 2239 13
641 2172 1157 2259 praetermissum
1394 2174 1914 2260 praetermissum
2022 2179 2180 2260 puto

1494 2280 1844 2359 „recentior
1898 2280 2190 2368 menus”)

383 2388 486 2473 *ᾖ
529 2386 614 2454 14
659 2388 779 2454 hec
823 2386 964 2453 fieri
1393 2386 1513 2453 hee
1559 2386 1751 2453 feriae
2232 2410 2311 2455 ex
2356 2388 2495 2456 cod.

383 2492 484 2578 *ᾖ
519 2490 604 2557 21
656 2513 747 2557 m.
793 2490 1134 2557 marcellus
1392 2512 1482 2556 m.
1533 2490 1824 2556 marcelli
1868 2511 2028 2558 evus

383 2597 485 2684 ¹⁸§
523 2595 612 2664 25
657 2597 1027 2663 istiusmodi
1074 2597 1229 2683 qnid
1400 2596 1768 2662 istiusmodi
1815 2597 2120 2682 quiddam
2228 2543 2611 2668 dub.”unde.

656 2705 781 2770 nisi
827 2708 997 2769 certo
1044 2707 1332 2790 tempore
1393 2703 1520 2768 nisi
1597 2703 2097 2769 intermenstruo

1485 2813 1775 2894 tempore
2226 2831 2305 2878 ex
2349 2812 2486 2879 cod.

654 2915 1186 3003 quinquagesimo
1392 2915 1925 3002 quinquagesimo
1969 2931 2083 2982 ooo
2239 2965 2275 2996 „
2376 2966 2411 2997 „

651 3022 1061 3088 humexitnm
1394 3021 1752 3087 humanum
1802 3022 2050 3086 exitum
2235 3021 2385 3090 dub.
2441 3026 2733 3113 originis.

378 3129 479 3215 *ᾖ
516 3127 604 3196 26
649 3130 1114 3216 noxexigneius
1385 3147 1502 3193 nos
1549 3129 1616 3192 in
1663 3126 1899 3216 exigue
1956 3129 2093 3194 eius
2231 3151 2311 3196 ex
2365 3131 2502 3198 cod.

442 3234 479 3319 ᾗ
522 3232 610 3300 28
635 3233 826 3320 (med.
834 3232 1372 3320 )quantnmillnm
1395 3252 1587 3319 quem
1635 3231 1827 3298 illum
1874 3235 1985 3320 qui

443 3341 480 3424 ξ
519 3337 606 3405 30
653 3337 1058 3424 quempilum
1393 3345 1506 3405 sut
1527 3337 1737 3424 pilum
1765 3341 1869 3424 (=
1887 3338 2182 3428 Philum)
2230 3284 2429 3408 dubs'
2433 3364 2523 3410 or.

654 3449 976 3510 estcautus
1391 3450 1456 3510 et
1501 3451 1680 3511 cetus
2230 3469 2309 3515 ex
2355 3451 2489 3516 cod.

655 3552 915 3637 enniqni
1393 3553 1566 3617 ennii
1614 3571 1739 3636 quo
1788 3550 2006 3638 (quom
2020 3549 2077 3639 i)
2228 3553 2381 3621 dub.
2429 3577 2518 3625 or.

383 3656 484 3742 *§
525 3654 607 3723 31
655 3657 868 3744 meg-is
1394 3659 1606 3745 magis
1650 3667 1875 3742 putem
2084 3709 2092 3716 .
2230 3681 2310 3727 ex
2356 3661 2491 3728 cod.

655 3769 844 3830 natus
890 3765 1214 3850 queritcur
1394 3768 1584 3829 natus
1599 3769 1833 3848 quaer-‘t
1851 3783 1977 3849 quo
1994 3765 2186 3832 modo

1488 3867 1614 3934 duo
1676 3867 1843 3934 soles
1888 3870 2011 3936 visi
2059 3873 2189 3936 sint

1478 3993 1604 4040 non
1650 3979 1889 4060 quaerit
1933 3995 2047 4041 cur

384 4082 486 4168 *ᾖ
525 4079 612 4148 32
658 4101 842 4148 nosse
1395 4099 1510 4146 nos
1555 4100 1690 4146 esse

444 4189 482 4274 §
529 4187 618 4254 33
664 4186 1348 4275 quidpostulsssesser-
1396 4185 1564 4272 quod
1586 4185 1873 4273 postulas
1897 4207 2003 4254 ess
2030 4191 2189 4256 artis

751 4297 961 4380 tisque
1482 4313 1642 4379 quse
2261 4346 2297 4377 ,‚
2396 4345 2433 4378 ‚‚

657 4400 1166 4487 deeliqueramns
1399 4400 1626 4466 deinde
1671 4400 1801 4467 elis
1846 4420 2186 4487 queremus
2261 4451 2295 4482 „
2414 4452 2431 4483 ,
