3414 5158
1382 407 1743 463 rmamoa.
2668 384 2754 461 33

369 588 539 651 circa
597 601 928 668 personam
992 584 1238 647 erratur
1298 599 1490 665 quam
1541 580 1710 645 circa
1754 598 2117 644 numerum.
2212 577 2395 644 Alter
2438 576 2617 644 locus
2664 583 2759 643 est

371 692 440 753 in
487 687 684 755 Scuto
730 709 824 755 vs.
877 686 996 753 90:

1007 797 1114 858 τοῦ
1157 792 1270 869 μὲν
1317 789 1547 871 φρένας
1602 788 1847 866 ἐξέλετο
1896 791 2089 866 Ζεύς,

645 892 707 971 ὃς
753 900 1058 979 προλιπὼν
1103 896 1396 979 σφέτερόν
1445 920 1512 961 τε
1565 897 1746 973 δόμον
1795 897 2125 978 σφετέρους
2176 922 2247 963 τε
2295 905 2527 974 τοκῆας

645 1004 845 1087 ᾤχετο
896 1006 1170 1081 τιμήσων
1217 1004 1587 1079 ἀλιτήμενον
1634 1005 1993 1084 Εὐρυσθῆα,

369 1112 480 1178 sed
525 1112 630 1176 hic
676 1132 922 1196 quoque
970 1114 1200 1176 merito
1249 1110 1584 1176 dubitatur
1628 1113 1838 1176 sintne
1890 1110 1990 1175 illi
2040 1131 2259 1177 versus
2310 1114 2577 1176 Ascraeo
2624 1111 2761 1175 vati

371 1217 742 1282 tribuendi·
786 1216 1006 1281 Minus
1072 1218 1268 1282 etiam
1333 1223 1429 1280 est
1493 1217 1786 1300 praesidii
1854 1218 1923 1280 in
1986 1216 2337 1303 AeschyIO,
2401 1236 2547 1282 nam
2596 1216 2763 1301 quod

373 1324 640 1389 laudaut
704 1325 934 1408 Agam.
1002 1321 1167 1388 760:
1233 1320 1302 1385 τὸ
1369 1322 1666 1397 δυσσεβὲς
1735 1321 1862 1398 γάρ
1910 1321 2081 1401 ἔργον
2129 1323 2299 1389 μετὰ
2346 1324 2459 1395 μὲν
2508 1325 2763 1387 πλείονα

373 1429 604 1505 τίκτει,
669 1428 945 1509 σφετέρα
999 1426 1054 1489 δ’
1105 1426 1322 1490 εἰκότα
1367 1426 1591 1509 γέννα,
1641 1446 1766 1491 non
1816 1427 2001 1491 video
2052 1428 2201 1511 quid
2252 1428 2321 1491 in
2371 1449 2489 1492 usu
2537 1448 2766 1513 prono·

381 1538 570 1600 minis
627 1534 732 1599 hic
796 1533 1142 1598 admodum
1205 1531 1524 1616 peculiare
1589 1533 1673 1595 sit
1740 1538 1805 1596 et
1870 1532 2037 1614 quod
2082 1532 2322 1618 legitur
2368 1532 2539 1598 Pers.
2594 1532 2761 1597 900:

383 1641 487 1704 καὶ
549 1638 667 1709 τοὶς
730 1638 1088 1703 εὐκτεάνους
1154 1638 1324 1699 κατὰ
1385 1642 1599 1711 κλῆρον
1669 1635 1919 1699 Ἰαόνιον
1988 1638 2390 1715 πολυάνδρους
2452 1640 2765 1703 Ἑλλάνων

381 1744 670 1823 ἐκράτυνε
735 1744 1067 1822 σφετέραις
1118 1742 1368 1823 χερσίν,
1417 1744 1610 1804 etiam
1657 1749 1933 1805 metrum
1986 1746 2203 1829 arguit
2248 1743 2354 1807 hic
2402 1742 2643 1827 aliquid
2690 1746 2769 1807 ti·

378 1852 676 1914 tubatum
742 1869 910 1929 esse,
983 1850 1176 1911 sicuti
1245 1846 1601 1909 Dindorfius
1667 1856 1837 1911 recte
1898 1847 2240 1912 intellexit.
2339 1848 2609 1913 Difficile
2674 1854 2770 1914 est

377 1956 622 2039 aliquid
685 1957 840 2018 certi
906 1956 1316 2037 pronum-iare
1381 1952 1458 2015 de
1513 1952 1809 2015 brevibus
1860 1952 2184 2016 Alcmanis
2234 1954 2560 2037 frustulis,
2610 1976 2769 2037 quae

375 2062 562 2127 hodie
609 2060 776 2144 apud
827 2059 1176 2144 Bergkium
1230 2064 1378 2121 sunt
1431 2056 1489 2129 3,
1544 2056 1628 2119 30
1671 2066 1736 2120 et
1782 2057 1857 2120 31
1910 2066 1973 2121 et
2013 2060 2312 2123 Ahrentis
2350 2067 2445 2123 est
2471 2062 2767 2145 suspicio,

376 2172 488 2254 qui
551 2167 722 2232 haud
785 2168 914 2231 scio
980 2185 1060 2229 an
1110 2184 1435 2249 perperam
1489 2160 1873 2228 Callimachi
1920 2167 2112 2229 verba
2160 2164 2357 2230 latere
2404 2166 2769 2230 arbitratur.

380 2273 500 2338 Sed
551 2276 825 2357 quinque
873 2270 1133 2335 Pindari
1183 2269 1307 2333 loci
1351 2268 1793 2334 'considerandi
1841 2276 2008 2333 suut.
2056 2270 2317 2335 Praeter
2356 2274 2567 2355 verba,
2611 2292 2772 2357 quae

379 2399 568 2464 supra
613 2378 1062 2461 descripsimus
1111 2376 1414 2439 habemus
1465 2372 1729 2459 Olymp.
1784 2373 1957 2438 XIII
2006 2372 2129 2440 61:

658 2482 942 2559 ἐξεύχετ’
990 2482 1052 2541 έν
1101 2478 1244 2545 acsi·
1292 2480 1589 2555 Πειράνας
1636 2479 1936 2558 σφετέρου
1984 2482 2217 2559 πατρὸς
2267 2481 2474 2560 άρχάν

665 2591 768 2650 καὶ
819 2587 1018 2662 βαθὺν
1068 2589 1289 2662 κλᾶρον
1330 2585 1553 2659 ἔμμεν.

386 2695 582 2781 Pyth.
633 2693 718 2760 lv
770 2693 894 2756 83:

928 2798 1104 2876 ταχὺ
1153 2796 1204 2859 δ’
1251 2797 1422 2865 εὐθὺς
1465 2795 1563 2858 ἰὼν
1611 2795 1921 2874 σφετέρας

933 2903 1118 2986 έςάθη
1169 2903 1429 2980 γνώμας
1475 2902 1859 2980 άταρβάτοιο
1908 2902 2292 2980 πειρώμενος.

385 3011 610 3077 Isthm.
661 3007 714 3072 V
765 3007 890 3073 33:

656 3117 964 3194 σφετέρας
1009 3113 1062 3177 δ’
1113 3115 1178 3178 οὗ
1224 3112 1496 3192 φείσατο
1546 3112 1757 3193 χερσὶν
1806 3113 2276 3196 βαρυφθόγγοιο
2326 3119 2553 3196 νευράς.

379 3221 668 3306 Denique
717 3221 942 3285 Isthm.
995 3217 1115 3282 Vll
1165 3216 1290 3281 61:

934 3323 1198 3400 Αίγιναν
1245 3321 1553 3400 σφετέραν
1602 3347 1673 3388 τε
1722 3323 1888 3403 ῥίζαν
1934 3326 2289 3405 πρόφαινεν.

383 3431 499 3497 Uti
553 3431 732 3497 vides
754 3476 770 3504 ,
836 3429 943 3493 hic
1001 3437 1214 3492 tamen
1264 3449 1512 3512 semper
1560 3432 1855 3508 σφέτερος
1908 3438 2119 3496 tertiae
2166 3452 2463 3518 personae
2511 3443 2607 3500 est
2649 3457 2765 3503 nec

387 3539 737 3624 quidquam
783 3535 950 3620 apud
999 3533 1348 3599 Pindarum
1399 3534 1612 3600 simile
1655 3539 1965 3621 reperitur
2012 3538 2342 3606 Alcmanis
2385 3541 2525 3607 loco
2572 3562 2765 3627 quem

385 3642 764 3729 Apollonius
811 3641 1064 3707 attulit:
1118 3639 1235 3716 ὑμέ
1282 3663 1353 3704 τε
1402 3641 1508 3704 καὶ
1556 3645 1865 3720 σφετέρας
1915 3641 2135 3716 ἵππως.
2200 3645 2275 3710 Id
2324 3655 2492 3714 certe
2535 3650 2767 3733 impro-

386 3750 700 3833 bandum,
763 3749 930 3834 quod
989 3745 1344 3813 Scholiasta
1407 3748 1660 3811 scribit:
1712 3750 1781 3812 τὸ
1830 3748 1891 3811 δὲ
1942 3748 2189 3822 ὑμαῖς
2241 3752 2377 3815 ἀντὶ
2426 3757 2534 3818 τοῦ
2579 3761 2767 3826 ταῖς

389 3863 612 3928 σαῖς,
660 3855 764 3920 καὶ
815 3852 1135 3934 πλεονάζει
1183 3855 1378 3932 τούτῳ
1425 3853 1454 3915 ὃ
1502 3853 1814 3929 Πίνδαρος.
1910 3855 2303 3919 Adnotatum
2346 3857 2469 3922 hoc
2514 3857 2641 3923 fuit
2687 3857 2765 3924 ad

387 3958 588 4044 Pyth.
634 3957 798 4022 vm
843 3957 964 4024 663

796 4065 864 4127 τὸ
911 4065 1024 4138 μὲν
1068 4063 1328 4139 μέγιςον
1376 4060 1498 4125 τόθι
1545 4059 1895 4140 χαρμάτων

801 4169 1090 4244 ὤπασας,
1140 4167 1282 4232 οίκοι
1330 4167 1392 4230 δὲ
1441 4169 1689 4244 πρόσθεν
1738 4169 2065 4249 άρπαλέαν
2114 4169 2275 4236 δόσιν

800 4273 1198 4338 πενταεθλίου
1245 4271 1355 4337 σὺν
1399 4273 1632 4350 ἑορταῖς
1683 4273 1935 4351 ὑμαῖς
1984 4275 2357 4356 ἐπάγαγες,

387 4402 577 4468 quem
657 4379 872 4446 locum
940 4377 1266 4444 difficilem
1339 4399 1472 4445 esse
1541 4380 1729 4446 video
1796 4400 1912 4446 nec
1981 4381 2147 4446 mihi
2216 4391 2385 4449 certe
2454 4391 2767 4472 persuasit

387 4487 786 4556 Schmidtius
843 4507 904 4572 p.
967 4482 1120 4562 404,
1186 4483 1296 4550 sed
1342 4482 1698 4552 Scholiasta
1742 4489 1877 4573 ipse
1923 4505 2039 4552 sua
2084 4487 2211 4554 sibi
2259 4491 2478 4558 vineta
2523 4495 2759 4574 caedit,

2444 4613 2475 4660 8
