3414 5158
656 386 789 454 210
1688 401 2004 455 nonanus.

649 571 788 640 Hoc
833 577 1039 650 recte,
1088 573 1198 639 sed
1245 573 1446 640 stulte
1491 573 1791 640 additur:

1111 680 1312 760 νευρήν
1359 680 1704 744 ἐντανύσειν
1755 678 2099 747 διοῖςεύσειν
2150 703 2223 744 τε
2271 679 2530 760 σιδήρου.

650 785 966 870 Mirabor,
1013 787 1068 850 si
1116 785 1227 870 qui
1251 786 1785 852 contradixerint.
1836 784 2095 851 Poterat
2141 785 2568 851 Telemachus
2614 804 2862 870 sperare
2910 784 3051 850 fore

648 897 724 957 ut
771 881 988 958 arcum
1037 892 1354 968 tenderet,
1403 891 1514 957 sed
1559 891 1725 956 nihil
1772 890 1978 968 ultra3
2041 913 2189 957 nam
2232 893 2446 978 ipsum
2487 887 2825 956 artificium
2868 890 3041 956 οὕτω

650 1004 789 1063 ποτ’
836 996 1107 1079 ὀπώπει,
1155 1019 1248 1065 vs.
1305 995 1466 1077 122;
1522 998 1677 1064 adeo
1726 1019 1848 1063 non
1901 997 2228 1065 didicerat.

1011 1318 1213 1395 αὐτὰρ
1258 1316 1408 1391 ἐπὴν
1454 1315 1631 1393 τόξου
1681 1317 2037 1396 πειρήσεται
2086 1316 2217 1392 ήδὲ
2262 1315 2581 1394 ἴδηται,

1010 1423 1216 1500 ἄλλην
1260 1424 1331 1499 δή
1376 1428 1489 1489 τιν’
1538 1421 1758 1490 ἔπειτα
1804 1421 2193 1507 ’Λχαιϊάδων
2240 1423 2563 1490 ἐυπέπλων

1008 1529 1257 1608 μνάσθω
1303 1529 1576 1595 ἐέδνοισιν
1620 1528 1958 1610 διζήμενος.

647 1635 862 1704 Facile
909 1643 1004 1703 est
1052 1638 1390 1724 corrig-ere:
1443 1635 1611 1701 οὐδὲ
1661 1635 2025 1711 δύνηται,
2122 1634 2294 1701 Malo
2340 1634 2461 1702 hoc
2507 1654 2699 1720 quam
2746 1635 2814 1700 id
2862 1634 3031 1720 quod

644 1742 1111 1809 Herwerdenus
1155 1742 1627 1808 commendavit
1671 1763 1734 1828 p.
1788 1741 1910 1808 53:
1960 1741 2095 1807 οὐδὲ
2137 1741 2437 1823 τανύσσῃ.
2530 1741 2647 1806 Est
2693 1746 2861 1807 certe
2898 1761 3030 1806 cor-

645 1852 842 1916 rectio
887 1849 1110 1916 lenior.

733 2061 948 2128 Facile
994 2061 1380 2147 persuadebo
1427 2081 1610 2128 nosse
1654 2083 1759 2127 me
1799 2061 1965 2147 quod
2008 2083 2227 2128 omnes
2262 2067 2535 2140 norunt,
2574 2062 2645 2126 in
2666 2059 3030 2128 Homericis

645 2168 1032 2234 carminibus
1088 2189 1272 2252 saepe
1319 2187 1645 2252 perperam
1694 2169 1999 2232 insertam
2047 2168 2240 2235 fuisse
2277 2167 2663 2255 particulam
2704 2192 2785 2247 γε
2804 2218 2819 2243 ,
2860 2169 3026 2254 quod

603 2275 698 2348 ,εἰ
763 2273 926 2339 forte
981 2276 1340 2362 ignorarem
1361 2321 1380 2357 ‚
1444 2272 1510 2336 id
1575 2293 1678 2337 me
1740 2272 2071 2338 Nauckius
2117 2277 2428 2360 potuisset
2476 2275 2696 2340 docere
2746 2275 3025 2338 Bulletin

641 2379 866 2445 XXVI
911 2377 1063 2446 212.
1111 2378 1236 2445 Sed
1281 2400 1448 2444 nunc
1499 2399 1749 2464 quoque
1795 2398 1913 2442 usu
1963 2382 2138 2444 venit
2186 2380 2351 2464 quod
2393 2381 2726 2465 proverbio
2764 2381 3022 2464 dicitur,

641 2488 910 2554 abusum
959 2507 1082 2552 non
1130 2485 1350 2553 tollere
1398 2507 1585 2551 usum
1609 2535 1623 2560 ,
1671 2490 1737 2550 et
1785 2485 1953 2569 quod
2001 2488 2347 2551 sexcenties
2392 2507 2722 2573 perperam
2780 2488 3021 2552 factum

636 2600 770 2678 est,
817 2594 1014 2660 semel
1061 2596 1422 2679 iterumque
1467 2597 1636 2659 recte
1681 2590 1813 2656 fieri
1861 2592 2115 2677 poterit.
2180 2592 2393 2659 Velut-i
2444 2596 2819 2679 pronomina
2866 2600 3017 2658 sunt

633 2700 793 2784 ἐγώ,
858 2700 934 2764 σύ
987 2706 1050 2765 et
1098 2697 1163 2776 ὃ,
1214 2693 1289 2777 ἢ,
1342 2699 1446 2783 τό,
1495 2700 1729 2783 quibus
1777 2699 1943 2783 apud
1994 2698 2353 2765 Homerum
2402 2700 2639 2788 exig-uo
2685 2722 2834 2765 cum
2880 2720 3019 2765 sen-

631 2808 867 2872 tentiae
927 2806 1329 2888 discrimine,
1393 2826 1470 2869 ne
1517 2796 1773 2869 nullum
1821 2804 2091 2870 dixerim
2112 2854 2131 2889 ,
2178 2806 2475 2871 adhaeret
2522 2806 2838 2892 particula
2884 2830 2960 2883 γε
2996 2828 3011 2847 ·

631 2910 875 2996 ἔγωγε,
939 2914 1129 2989 σύγε,
1206 2906 1370 2988 ὅγε.
1426 2910 1580 2995 ἥγε,
1651 2911 1824 2988 τόγε.
1922 2911 2216 2976 Primum
2278 2912 2471 2977 huius
2532 2914 2626 2977 rei
2689 2932 2891 2977 unum
2940 2916 3007 2977 et

629 3018 904 3084 alterum
953 3017 1316 3102 exemplum
1367 3016 1565 3090 dabo.
1617 3016 1824 3082 veluti

719 3134 763 3189 Γ
833 3124 996 3191 197:
1049 3125 1253 3204 άρνειῷ
1303 3147 1406 3201 μιν
1456 3122 1659 3200 ἔγωγε
1710 3123 1885 3188 ἐΐσκω
1935 3122 2417 3203 πηγεσιμάλλῳ.

717 3240 769 3295 E
833 3228 1002 3297 181:
1049 3230 1313 3311 Τυδεΐδη
1358 3253 1462 3307 μιν
1507 3226 1718 3307 ἔγωγε
1766 3228 2043 3310 δαΐφρονι
2095 3230 2309 3295 πάντα
2356 3230 2556 3296 ἐΐσκω.

630 3335 986 3405 Genetivus
1030 3336 1302 3425 legitur:

719 3454 770 3508 A
827 3441 985 3509 525:
1042 3446 1222 3507 τοῦτο
1269 3440 1397 3521 γὰρ
1443 3438 1512 3515 ἐξ
1559 3439 1851 3519 ἕμέθενγε
1899 3444 2042 3517 μετ’
2092 3428 2452 3507 ἀθανάτοισι
2502 3442 2778 3520 μέγιςον.

623 3549 896 3617 Dativus
941 3554 1193 3615 autem:

731 3681 776 3735 γ
828 3653 997 3723 227:
1046 3655 1180 3729 λίην
1228 3654 1356 3735 γὰρ
1401 3653 1580 3731 μέγα
1627 3650 1837 3725 εἶπες·
1885 3654 2017 3733 ἄγη
2068 3656 2139 3733 μ’
2187 3652 2340 3734 ἔχει.
2390 3654 2497 3719 οὐκ
2546 3652 2623 3719 ἂν
2671 3651 2885 3732 ἔμοιγε

1043 3760 1355 3840 ἑλπομένῳ
1402 3761 1487 3826 τὰ
1535 3759 1785 3840 γένοιτ’,
1833 3762 1955 3826 οὐδ’
2000 3761 2051 3825 εἰ
2105 3760 2218 3824 θεοὶ
2268 3757 2343 3832 ὣς
2391 3759 2665 3825 ἐθέλοιεν.

749 3894 766 3934 ι
817 3868 986 3937 366:
1039 3864 1228 3938 Οὖτις
1278 3864 1479 3945 ἔμοιγ’
1529 3866 1690 3944 ὄνομ’
1741 3866 1865 3936 ἔς·’·
1916 3860 2104 3931 Οὖτιν
2156 3864 2219 3930 δέ
2264 3891 2347 3943 με
2398 3868 2843 3940 κικλήσκουσιν.

713 3984 766 4055 φ
813 3974 980 4041 213:
1029 3974 1085 4039 εἴ
1131 3972 1200 4053 93'
1251 3972 1356 4037 ὑπ’
1405 3970 1620 4051 ἔμοιγε
1667 3973 1794 4043 θεὸς
1843 3970 2099 4052 δαμάσῃ
2144 3979 2453 4051 μνηςῆρας
2502 3972 2805 4050 άγαυούς.

615 4084 866 4161 Ἔμεγε
914 4080 1218 4165 denique:
1560 4069 1568 4080 '

779 4212 809 4252 ε
857 4184 977 4253 99:
1028 4186 1183 4257 Ζεὺς
1231 4184 1418 4262 ἔμεγ’
1469 4184 1683 4262 ήνώγει
1732 4186 1887 4263 δεῦρ’
1934 4184 2188 4260 ἐλθέμεν
2238 4186 2343 4249 οὐκ
2396 4180 2700 4249 ἐθέλοντα.

618 4292 872 4359 Addam
923 4295 1118 4359 etiam
1166 4289 1473 4357 secundae
1517 4310 1815 4375 personae
1863 4290 2107 4377 aliquot
2154 4290 2479 4376 exempla,
2528 4296 2603 4355 ut
2650 4282 3006 4358 luculenter

619 4404 916 4483 appareat
981 4401 1049 4463 in
1095 4399 1198 4462 his
1245 4397 1610 4481 compositis
1657 4396 2033 4481 particulam
2084 4420 2165 4474 γε
2210 4417 2335 4463 nou
2381 4400 2733 4463 servavisse
2781 4400 3004 4483 primi-

619 4506 818 4573 tivam
885 4503 1455 4593 significationem,
1524 4504 1690 4570 unde
1746 4506 1939 4568 etiam
1986 4503 2257 4569 scribere
2303 4502 2502 4570 malui
2552 4502 2757 4582 ἔγωγε
2806 4526 2997 4595 quam
