3414 5158
1451 334 1771 386 nonnus.
2664 310 2796 382 359

507 500 803 567 Pluralis·
851 520 1156 567 numerus
1225 501 1330 567 hic
1389 522 1646 567 sensum
1709 521 1835 567 non
1894 502 2087 567 habet
2134 505 2199 567 et
2244 506 2492 587 praeter
2538 502 2797 567 Astero-

413 627 678 693 paeum,
747 610 856 691 qui
919 604 1244 686 περιδέξιος
1305 601 1435 691 ἦεν,
1498 627 1686 673 nemo
1748 612 1845 673 est
1890 609 1957 673 in
2006 605 2241 685 Iliade,
2288 607 2394 672 cui
2440 606 2555 672 illa
2600 607 2797 673 verba

413 714 570 779 satis
619 722 764 798 apte
813 714 1008 777 tribui
1054 718 1418 798 potuerunt.
1489 712 1670 779 'I'alia
1716 734 1863 779 cum
1912 734 2065 779 cura
2100 713 2493 781 considerent
2532 716 2601 779 in
2643 712 2801 778 Ger-

416 822 632 885 mania
698 820 940 895 critici,
1012 821 1123 904 qui
1191 840 1440 905 semper
1509 825 1767 905 crepant
1824 840 1891 885 se
1937 820 2105 905 apud
2152 818 2512 886 Homerum
2561 820 2800 904 ubique

417 944 754 1013 agnoscere
821 925 1032 992 nescio
1100 945 1294 1010 quam
1366 926 1684 991 bestimmto
1750 928 2170 1007 Anachauunq.
2264 924 2335 991 Si
2402 924 2565 991 Zoili
2632 924 2799 990 liber

417 1037 805 1117 superesset,
875 1050 1230 1116 numquam
1250 1082 1264 1105 ‚
1338 1033 1558 1117 opinor
1578 1079 1595 1110 ‚
1655 1052 1729 1098 ea
1776 1034 2144 1117 superstitio
2187 1038 2338 1097 nata
2384 1032 2641 1109 fuisset3
2692 1030 2799 1096 hic

418 1139 588 1203 enim
658 1138 760 1201 uti
829 1138 1097 1202 coniicio
1157 1137 1469 1223 ejusmodi
1525 1137 1947 1217 παροράματοι
1994 1142 2213 1204 notare
2258 1138 2517 1203 solebat.
2611 1136 2807 1203 Nunc'

419 1246 570 1329 quia
637 1241 889 1307 Zoilum
965 1262 1090 1308 non
1149 1242 1461 1309 habemus
1479 1291 1495 1319 ,
1545 1243 1706 1309 utile
1754 1252 1851 1310 est
1896 1242 2141 1329 aliquot
2186 1242 2357 1309 locos
2412 1242 2793 1323 adscribere,

418 1372 499 1416 ne
545 1348 704 1416 falsa
750 1349 962 1434 opinio
1010 1348 1086 1414 de
1132 1368 1204 1415 ea
1245 1351 1562 1415 bestimmte
1601 1353 2003 1432 Anachauuny
2038 1348 2234 1415 latius
2274 1356 2516 1435 serpat3
2542 1347 2801 1415 difficile

422 1457 596 1521 enim
667 1460 764 1521 est
832 1455 1039 1521 dicere
1109 1461 1264 1541 quot
1331 1475 1568 1521 errores
1623 1455 1813 1523 hodie
1868 1460 2199 1541 propterea
2250 1458 2319 1519 in
2374 1456 2607 1521 honore
2654 1456 2801 1521 sint.

422 1560 648 1629 Veluti
696 1553 756 1626 i(-
805 1558 972 1628 527:

740 1665 850 1732 ἔνθ’
908 1666 1200 1741 Ὀδυσεὺς
1251 1668 1366 1745 μὲν
1413 1664 1580 1747 ἔρυξε
1627 1667 1890 1751 διίφιλος
1940 1668 2133 1741 ὠκέας
2178 1664 2439 1745 ἵππους,

740 1773 1036 1847 Τυδεΐδης
1087 1773 1150 1839 δὲ
1193 1772 1464 1855 χαμᾶζε
1513 1774 1685 1853 θορὼν
1727 1771 1913 1854 ἔναρα
1958 1774 2289 1852 βροτόεντα

742 1879 802 1943 ἐν
848 1878 1118 1959 χείρεσσ’
1166 1879 1420 1955 Ὀδυσῆι
1468 1880 1651 1959 τίθει,
1699 1878 2049 1959 ἐπεβήσετο
2094 1880 2149 1946 δ’
2200 1876 2439 1957 ἵππων,

423 1989 516 2053 ita
574 1986 858 2073 loquitur
917 1988 1100 2073 quasi
1156 1986 1352 2055 simul
1399 2008 1546 2053 cum
1595 1988 1777 2072 equis
1821 1989 2018 2054 etiam
2064 1987 2261 2055 Rhesi
2310 2007 2567 2053 currum
2614 1990 2801 2053 extu-

424 2093 668 2161 lissent.
715 2102 783 2159 M
835 2091 922 2158 50
971 2092 1210 2161 Hector
1255 2113 1449 2179 equos
1499 2093 1580 2159 ad
1625 2094 1859 2160 fossam
1908 2094 2153 2181 adegit:

545 2236 550 2239 ·
1548 2199 1680 2265 οὐδέ
1727 2200 1779 2266 οἱ
1828 2196 2001 2265 ἵπποι

699 2304 945 2383 τόλμων
991 2303 1327 2383 ὠκύποδες,
1375 2303 1559 2381 μάλα
1611 2304 1666 2369 δ’
1722 2304 2115 2386 ἐχρεμέτιζον
2163 2305 2263 2371 ἐπ’
2312 2303 2477 2386 ἄκρῳ

697 2411 900 2491 χείλει
951 2410 1326 2492 ἐφεςαότες·
1377 2412 1504 2477 ἀπὸ
1553 2414 1679 2491 γὰρ
1727 2410 2057 2477 δειδίσσετο
2106 2410 2344 2493 τάφρος

700 2517 908 2596 εὐρεῖ’,
959 2514 1087 2582 οὔτ’
1139 2514 1232 2597 ἄρ’
1281 2516 1743 2599 ὑπερθορέειν
1791 2517 2017 2599 σχεδὸν
2070 2514 2209 2582 οὔτε
2259 2522 2520 2598 περῆσαι

711 2623 921 2706 ῥηιδίη.

434 2731 674 2798 Verum
719 2732 915 2796 etiam
964 2735 1305 2816 angustam
1355 2729 1591 2795 fossam
1641 2732 1790 2814 equi
1836 2751 2025 2796 curru
2064 2731 2279 2815 juncti
2326 2730 2667 2794 trancilire
2688 2748 2814 2794 non

429 2842 714 2922 possunt.
811 2835 894 2901 Et
957 2855 1146 2922 quam
1203 2837 1366 2901 mire
1414 2833 1680 2922 fingitur
1729 2845 1778 2900 E
1831 2833 1960 2900 665
2011 2834 2313 2920 Trojanos
2358 2856 2483 2903 non
2530 2836 2819 2902 animad-

429 2946 696 3011 vertisse
739 2942 988 3008 hastam
1035 2961 1160 3027 qua
1207 2940 1526 3026 Sarpedon
1573 2963 1610 3006 a
1660 2941 2026 3028 Tlepolemo
2067 2941 2291 3008 fuisset
2333 2939 2709 3007 transfixus:
2748 2941 2819 3006 τὸ

433 3050 546 3128 μὲν
607 3049 674 3115 οὔ
721 3073 813 3121 τις
863 3047 1256 3128 ἐπεφράσατ’
1304 3047 1434 3114 οὐδὲ
1485 3045 1730 3124 νόησενῐ
1782 3047 1875 3114 De
1924 3047 2231 3114 Marionis
2278 3047 2463 3114 hasta
2498 3051 2636 3134 jam
2680 3047 2819 3114 dixi

434 3159 502 3221 in
548 3155 670 3236 Qu.
715 3154 912 3241 Hom.
960 3175 1021 3239 p.
1077 3153 1178 3222 47.
1275 3154 1525 3240 Nempe
1571 3155 1629 3219 ἐν
1678 3157 1886 3234 καυλῷ
1930 3154 2093 3231 ἐάγη
2134 3152 2383 3234 δολιχὸν
2414 3153 2549 3233 δόρυ
2575 3160 2635 3220 N
2666 3151 2817 3220 162.

433 3262 656 3347 Itaque
701 3263 836 3328 abit
882 3282 918 3324 e
965 3281 1180 3347 pugna
1225 3259 1420 3326 aliam
1466 3261 1718 3326 hastam
1755 3263 2060 3346 petitum,
2100 3281 2251 3326 nam
2292 3280 2482 3327 nemo
2518 3263 2577 3326 ei
2603 3281 2815 3338 suam,

437 3374 512 3433 ut
574 3369 854 3450 videtur,
924 3373 1325 3432 commodare
1376 3376 1488 3432 aut
1534 3373 1781 3451 poterat
1828 3373 1942 3432 aut
1989 3366 2263 3433 volebat.
2359 3367 2565 3453 Prope
2616 3372 2822 3434 tento-

435 3477 608 3539 rium
679 3475 935 3540 obviam
999 3475 1058 3538 ei
1113 3469 1186 3536 fit
1245 3471 1653 3546 Idomeneus,
1710 3474 1925 3558 quise
1972 3472 2161 3539 modo
2206 3475 2435 3538 duabus
2478 3473 2682 3540 hastis
2730 3495 2827 3540 ar-

439 3587 756 3654 maverat.
800 3600 892 3645 vs.
929 3577 1086 3642 241.
1139 3576 1320 3644 Unde
1358 3583 1424 3643 et
1462 3597 1622 3661 quo,
1647 3577 2030 3643 Idomeneus
2054 3581 2425 3666 interrogat.
2464 3579 2829 3664 Respondet

438 3686 756 3753 Meriones
811 3685 878 3750 id
928 3684 1092 3771 quod
1140 3705 1238 3750 res
1285 3690 1438 3749 erat.
1537 3681 1706 3763 Quin
1753 3685 1947 3748 etiam
1970 3732 1988 3767 ‚
2036 3680 2413 3750 Idomeneus
2464 3685 2711 3770 inquit,
2758 3687 2827 3750 in

437 3793 710 3858 tentorio
774 3811 916 3857 meo
981 3792 1264 3857 invenies
1312 3789 1527 3856 hastas
1573 3788 1718 3874 plus
1764 3809 1959 3874 quam
2006 3787 2284 3875 viginti,
2335 3809 2493 3874 quas
2538 3789 2827 3878 Trojanis

438 3899 666 3964 ademi.
761 3897 846 3962 Et
907 3897 1070 3962 mihi
1135 3917 1421 3982 quoque,
1483 3892 1576 3961 sic
1640 3894 1959 3984 gloriatur
2020 3894 2372 3972 Meriones,
2420 3896 2631 3962 multa
2677 3903 2827 3961 sunt

437 4004 850 4090 Trojanorum
925 4002 1164 4090 spolia,
1238 4002 1387 4068 ἀλλ’
1456 4003 1520 4068 οὐ
1571 4001 1794 4083 σχεδόν
1856 4005 1980 4069 §ceu
2043 4001 2313 4066 ἑλέσθαι.
2411 3999 2537 4068 Sed
2602 4001 2826 4088 quidni

440 4109 818 4176 Idomeneus
851 4129 930 4176 ex
965 4109 1215 4174 duabus
1252 4109 1454 4174 hastis
1489 4107 1622 4174 suis
1657 4110 1879 4188 statim
1906 4127 2099 4172 unam
2124 4107 2492 4174 commodat
2514 4107 2789 4175 Merioni
2809 4156 2827 4187 ,

445 4223 515 4282 ut
559 4219 628 4282 in
673 4215 790 4282 illa
836 4217 1252 4301 trepidatione
1301 4218 1675 4300 quantocius
1722 4213 2025 4300 Trojanos
2070 4211 2483 4280 adoriantur?
2530 4212 2605 4280 Si
2641 4220 2831 4299 putas

441 4325 696 4388 omnino
765 4324 823 4388 ei
893 4342 1052 4406 opus
1119 4321 1314 4386 fuisse
1377 4321 1576 4386 hastis
1637 4320 1917 4397 duabus,
1986 4341 2097 4386 cur
2142 4319 2463 4388 Meriones
2508 4341 2655 4388 cum
2704 4343 2825 4386 una

439 4428 624 4494 hasta
667 4427 834 4494 redit
879 4448 957 4493 ex
1003 4426 1327 4494 Idomenei
1377 4428 1678 4500 tentorio,
1730 4449 1820 4494 vs.
1872 4422 2047 4492 2923?
