3414 5158
741 370 872 437 338
1773 386 2095 438 nonnus.

735 552 838 619 vel
909 552 1185 625 Camilla
1254 555 1408 618 Aen.
1475 554 1570 619 XI
1635 552 1789 619 652.
1886 554 2099 620 Etiam
2164 557 2550 621 constructio
2612 554 2893 635 laborat,
2956 559 3139 644 quod

731 661 1108 745 interpretes
1147 660 1385 725 frustra
1417 666 1690 747 negant3
1733 660 1880 725 audi
1922 659 2147 726 modo:
2190 663 2381 727 αὐτοῦ
2408 658 2755 736 κινηθέντος
2780 664 2943 727 nicht
2962 666 3139 729 mehr

731 766 841 829 wie
885 766 1214 847 χωομένοιο
1239 814 1254 843 ,
1301 787 1412 830 von
1451 767 1624 842 ὤμων
1665 767 1959 847 abhiz’nyiy
1978 812 1995 843 ,
2036 767 2293 831 condem
2335 773 2402 830 in
2432 768 2703 853 freierer
2745 767 2805 833 V
2796 770 3137 849 erbiudunq

729 874 1018 959 anyesic'yb
1034 899 1053 937 .-
1115 877 1286 937 eonio
1347 895 1413 936 er
1450 872 1576 937 sich
1614 873 1794 937 selbot
1844 872 1911 937 in
1958 872 2289 955 Beweyunq
2328 881 2571 955 qesetzt.
2665 873 2925 940 Scilicet
2968 876 3137 943 talia

730 978 1112 1062 probantur,
1169 978 1366 1043 donec
1413 976 1646 1043 melius
1693 979 2031 1044 inventum
2080 979 2291 1049 fuerit.

819 1082 1123 1150 Zenodoti
1186 1083 1528 1149 auctoritas
1586 1083 1777 1150 hodie
1824 1082 2027 1169 pluris
2072 1083 2373 1162 habetur,
2430 1105 2625 1170 quam
2673 1104 2797 1170 quo
2846 1094 3131 1171 tempore

728 1209 946 1256 omnes
1005 1182 1311 1275 jurabant
1378 1190 1448 1253 in
1516 1187 1767 1255 Lehrsii
1830 1190 2056 1274 verba3
2121 1188 2227 1255 hic
2286 1194 2509 1256 autem
2574 1191 2731 1256 duos
2778 1212 2997 1257 versus
3044 1191 3129 1257 de

729 1297 963 1380 quibus
1026 1297 1283 1382 agimus
1349 1294 1636 1379 ἦθέτηκε,
1689 1294 1809 1361 hoc
1856 1299 1989 1360 est:
2038 1293 2251 1362 locum
2300 1299 2380 1361 iis
2428 1294 2685 1362 dederat
2734 1298 2801 1362 in
2847 1296 3129 1363 editione

730 1422 923 1486 quam
988 1402 1386 1486 procuravit,
1451 1400 1560 1467 sed
1622 1398 2013 1488 significarat
2059 1403 2275 1487 spuria
2320 1408 2385 1467 et
2430 1403 2710 1468 insiticia
2759 1404 2953 1469 verba
2996 1403 3129 1468 sibi

729 1505 955 1573 videri.
1048 1506 1302 1573 Dixeris
1341 1508 1664 1592 imprimis
1712 1508 1771 1571 ei
1818 1506 2017 1573 fuisse
2066 1506 2391 1573 offensioni
2440 1508 2635 1573 verba
2680 1508 2847 1574 νυκτὶ
2899 1506 3123 1580 έοικῶς·

730 1612 1014 1679 ediderat
1075 1619 1276 1690 certe,
1343 1613 1512 1699 quod
1571 1612 1745 1678 haud
1810 1633 2037 1697 parum
2085 1612 2339 1679 facilius
2384 1612 2717 1679 intellectu
2766 1621 2899 1679 est:
2950 1614 3122 1679 νυκτὶ

729 1719 1026 1793 ἐλυσθείς.
1121 1716 1568 1785 Confitendum
1615 1724 1713 1785 est
1758 1718 1931 1783 νυκτὶ
1984 1719 2183 1793 ἐοικὼς
2234 1726 2515 1787 veterem
2564 1714 2901 1785 lectionem
2952 1741 3123 1797 esse,

727 1846 922 1911 quam
970 1828 1166 1893 etiam
1212 1827 1510 1891 imitatur
1557 1832 1777 1911 poeta,
1827 1826 1939 1911 qui
1988 1827 2218 1891 cecinit
2262 1840 2301 1889 λ
2348 1822 2480 1890 606
2525 1825 2603 1891 de
2639 1824 2951 1892 Hercule:
2998 1826 3028 1890 ὁ
3067 1824 3125 1889 δ’

730 1933 943 2015 ἐρεμνῇ
1009 1932 1178 2009 νυιιτ)
1248 1932 1445 2005 ἐοικὼς
1515 1934 1749 2011 γυμνὸν
1810 1931 1984 2008 τόξον
2050 1930 2214 2013 ἔχων
2262 1939 2326 1999 et
2371 1952 2533 2016 quae
2580 1937 2963 2018 sequuntur,
3010 1930 3125 1997 sed

729 2041 1032 2105 contendo
1077 2036 1329 2104 facilius
1376 2058 1510 2103 esse
1559 2037 1859 2103 admirari
1910 2058 2104 2122 quam
2150 2038 2547 2125 intelligere,
2598 2058 2723 2124 quo
2772 2037 2889 2103 illa
2932 2038 3123 2124 Apol-

727 2143 880 2209 linis
925 2164 1074 2209 cum
1121 2149 1304 2209 nocte
1353 2146 1743 2229 comparatio
1788 2145 2120 2228 pertineat.
2216 2143 2459 2210 Melius
2502 2150 2671 2209 certe
2718 2144 2795 2210 de
2844 2144 3119 2211 Hectore

653 2284 658 2291 ·
728 2248 799 2315 M
847 2247 1017 2315 463:
1081 2251 1248 2314 νυκτὶ
1302 2246 1416 2331 3οῇ
1465 2246 1822 2321 ἀτάλαντος
1875 2248 2122 2316 ὑπώπια
2147 2296 2165 2327 ,
2215 2250 2385 2335 quod
2431 2256 2505 2315 ut
2552 2248 2833 2337 intelligi
2880 2252 3113 2335 possit,

649 2426 654 2433 ,
727 2354 884 2420 facit
921 2354 1213 2421 additum
1257 2356 1506 2421 ὑπώπια
1545 2360 1610 2421 et
1647 2358 1870 2420 statim
1914 2354 2133 2441 pulcre
2172 2357 2491 2441 sequitur:
2533 2354 2757 2433 λάμπε
2780 2356 2843 2421 δὲ
2869 2358 3116 2437 χαλκῷ.

727 2457 852 2524 Sed
911 2460 1372 2546 propemodum
1421 2460 1767 2527 ridiculum
1817 2466 1915 2527 est
1959 2460 2310 2527 describere
2356 2460 2679 2548 Apollinis
2726 2465 3077 2551 imaginem
3097 2510 3113 2541 ,

730 2565 852 2652 qui,
907 2573 1181 2654 quantus
1246 2572 1382 2634 erat
1443 2572 1618 2636 totus
1677 2568 1883 2662 noctis
1946 2565 2180 2634 similis
2242 2572 2411 2646 erat,
2465 2589 2667 2656 neque
2715 2589 2753 2634 a
2797 2589 3114 2656 quoquam

732 2675 1006 2759 conspici
1053 2679 1321 2758 poterat.

819 2777 942 2845 'l'ot
981 2785 1400 2864 concurrunt,
1441 2785 1514 2844 ut
1550 2781 1821 2846 minime
1859 2777 2151 2844 dubitem
2192 2781 2348 2864 quin
2372 2779 2733 2864 corruptela
2754 2779 2860 2846 hic
2882 2780 3113 2866 lateat,

733 2883 840 2950 sed
911 2886 1168 2950 etiamsi
1231 2884 1506 2951 alterum
1575 2905 1833 2951 versum
1899 2904 2152 2951 servare
2198 2905 2322 2950 non
2370 2888 2687 2970 possimus
2706 2933 2722 2964 ,
2770 2887 3117 2952 videndum

732 3012 887 3056 num
954 2993 1115 3058 forte
1155 3013 1189 3057 e
1237 2994 1442 3077 priore
1489 2990 1811 3056 eliminari
1856 2992 2057 3076 possit
2100 2990 2450 3056 ridiculum
2496 2994 2910 3077 participium
2954 3015 3117 3074 χωο-

731 3097 929 3175 μένοιο
955 3147 970 3174 ,
1044 3099 1212 3182 quod
1281 3103 1450 3163 recte
1513 3095 1755 3184 leg-itur
1815 3098 1885 3160 in
1948 3101 2233 3162 extremo
2290 3118 2480 3164 versu
2530 3107 2590 3164 Ψ
2642 3096 2810 3176 385,
2861 3099 2971 3166 sed
3014 3099 3121 3164 hic

730 3204 926 3268 nimis
973 3203 1321 3268 absurdum
1371 3207 1484 3268 est.
1583 3199 1845 3268 Contuli
1894 3202 2190 3288 equidem
2237 3209 2570 3289 sequentes
2617 3203 2825 3272 locos:

823 3319 877 3374 Δ
931 3307 1097 3373 420:
1192 3308 1379 3374 δεινὸν
1427 3307 1477 3372 δ’
1526 3305 1771 3388 ἔβραχε
1815 3307 2060 3387 χαλκὸς
2108 3307 2209 3374 ἐπὶ
2258 3307 2523 3385 ςήθεσσι
2566 3307 2835 3384 ἄνακτος

1190 3416 1315 3495 δρν
1336 3413 1651 3493 υμένου.
2463 3493 2468 3497 ¹

821 3530 882 3588 N
980 3520 1100 3588 19:
1475 3517 1662 3602 τρέμε
1711 3520 1766 3586 δ’
1814 3517 1993 3601 οὔρεα
2038 3519 2257 3600 μακρὰ
2304 3520 2411 3584 καὶ
2461 3519 2576 3598 ὕλη

1185 3626 1400 3693 ποσσὶν
1451 3627 1560 3693 ὑπ’
1608 3625 1982 3693 ἀθανάτοισι
2029 3625 2442 3700 Ποσειδάωνος
2492 3626 2781 3702 ἰόντος.

824 3745 874 3801 Χ
970 3733 1089 3800 32:
1188 3730 1261 3805 ὣς
1309 3738 1418 3799 τοῦ
1465 3735 1714 3815 χαλκὸς
1763 3732 2018 3812 ἔλαμπε
2068 3733 2202 3814 περὶ
2251 3731 2517 3808 stiffi-vce
2566 3733 2906 3807 θέοντος.

734 3840 948 3927 Atque
993 3841 1142 3906 binc
1189 3842 1474 3926 suspicor
1519 3838 1867 3926 legendum
1910 3856 2083 3904 esse:

1095 3944 1421 4024 ἔκλαγξαν
1469 3943 1523 4010 δ’
1572 3944 1668 4026 ἄρ’
1717 3944 1860 4014 ὅιςοὶ
1910 3947 2010 4010 ἐπ’
2056 3945 2232 4023 ὤμων
2277 3944 2737 4027 ῥωομένοιο,

621 4125 626 4130 ,
731 4073 857 4140 quo
903 4053 1069 4120 facto
1115 4072 1383 4138 sequens
1430 4051 1784 4118 versiculus
1832 4055 2055 4137 sponte
2098 4052 2367 4116 excidet.
2438 4050 2533 4117 De
2577 4051 2881 4144 Apolline
2923 4072 3123 4138 quum

726 4160 804 4226 de
870 4159 1149 4246 Olympo
1212 4157 1564 4242 delabitur,
1627 4155 2093 4244 significantius
2163 4162 2329 4222 certe
2396 4159 2665 4222 verbum
2715 4167 2811 4223 est
2858 4155 3125 4240 ῥώεσθαι

736 4287 928 4352 quam
979 4262 1306 4332 κινεῖσθαι.
1407 4263 1648 4330 Deinde
1695 4265 2051 4329 rectissime
2098 4265 2321 4330 statim
2370 4262 2516 4328 addi
2564 4267 2830 4349 poterit:

1055 4369 1217 4452 ἕζετ’
1265 4369 1460 4436 ἔπειτ’
1508 4367 1835 4435 άπάνευθε
1883 4376 2062 4446 νεῶν,
2115 4369 2285 4447 μετὰ
2334 4367 2384 4432 δ’
2436 4369 2522 4433 ἰὸν
2567 4365 2760 4443 ἕηκεν.

735 4477 920 4546 Talia
989 4499 1136 4546 cum
1200 4477 1489 4558 videam,
1539 4474 1950 4542 confirmatur
1996 4475 2162 4542 mihi
2208 4475 2276 4542 id
2324 4475 2491 4563 quod
2538 4495 2723 4564 saepe
2768 4477 3127 4564 suspicatus
