3414 5158
1487 340 1747 391 ousae.
2675 322 2807 391 227

437 510 569 592 ret,
630 509 1050 596 quadraginta
1112 509 1398 574 cohortes
1456 510 1546 573 sic
1609 509 2083 576 constituendae
2139 515 2316 575 erant
2362 515 2434 574 ut
2480 511 2809 597 sexaginta

435 615 790 680 cohortium
837 619 1108 701 speciem
1157 615 1545 700 praeberent.
1640 614 1821 695 Quod
1869 616 2111 680 furtum
2159 636 2237 680 ne
2286 614 2799 702 Vercingetorix,

434 722 615 785 cuius
685 725 888 788 castra
957 741 990 786 e
1059 724 1316 809 regione
1386 722 1606 785 castris
1677 719 1961 788 Caesaris
2022 722 2228 807 posita
2291 726 2534 797 essent,
2586 724 2803 786 statim

431 826 1002 906 animadverteret,
1067 847 1192 893 non
1254 828 1626 912 quarundam
1645 874 1660 903 ‚
1727 830 1947 912 opinor
1964 874 1981 904 ,
2048 827 2155 893 sed
2202 834 2575 893 cunctarum
2624 847 2809 913 opera

429 932 784 999 adhibenda
845 937 1000 999 erat.
1093 932 1416 1019 Quidquid
1463 934 1666 1021 igitur
1711 953 1823 1018 pro
1869 938 2058 1019 captis
2102 931 2445 1021 legendum
2492 940 2589 1000 est
2607 982 2625 1012 ,
2671 940 2806 1015 qm·-

428 1039 669 1103 bmdam
734 1040 956 1124 utique
1026 1041 1262 1107 vitium
1335 1038 1474 1105 alit.
1564 1038 1809 1105 Holder
1879 1061 1957 1105 ex
2016 1038 2261 1105 Deiteri
2324 1043 2679 1127 conjectura
2736 1042 2805 1106 in

427 1165 606 1210 suam
673 1145 1016 1213 editionem
1073 1148 1341 1231 recepit:
1391 1151 1481 1209 ita
1528 1151 1750 1231 apertio
1794 1146 2136 1231 quibusdam
2185 1148 2533 1211 cohortibus.
2625 1145 2807 1213 Hanc

425 1251 760 1318 lectionem
831 1274 904 1319 sa
973 1253 1330 1320 conditione
1393 1258 1576 1340 grate
1637 1255 1839 1337 accipi
1900 1250 2098 1319 velim
2116 1301 2134 1338 ‚
2184 1259 2259 1318 ut
2302 1273 2415 1338 pro
2462 1254 2805 1338 quibusdam

425 1357 678 1445 legatur
754 1360 984 1444 quidem
1049 1358 1379 1444 deletoque
1440 1366 1529 1423 iba
1591 1360 1918 1444 depravati
1985 1358 2277 1425 vocabuli
2338 1362 2529 1443 captis
2599 1363 2808 1447 prima

426 1462 644 1528 littera
683 1467 1031 1531 retineatur
1045 1512 1064 1547 ,
1103 1484 1296 1551 quam
1345 1464 1630 1530 mutilati
1679 1465 1963 1531 adverbii
2011 1470 2098 1529 sic
2141 1464 2443 1549 reliquias
2484 1486 2618 1532 esse
2656 1486 2802 1533 con-

428 1570 638 1635 iciam.
733 1570 904 1657 Ergo
951 1577 1158 1637 totum
1199 1569 1412 1637 locum
1452 1573 1521 1636 in
1553 1571 1727 1637 hunc
1767 1570 2030 1637 modum
2071 1573 2500 1637 restituerim:
2540 1573 2805 1657 reliquas

427 1676 626 1759 copias
673 1724 1106 1742 ..........
1157 1678 1318 1741 misit
1361 1676 1449 1741 sic
1492 1678 1718 1762 apertio
1760 1678 1989 1762 quidem
2034 1678 2365 1741 cohortibus
2402 1683 2495 1743 uti
2530 1699 2808 1743 numerus

422 1783 712 1863 lcyionum
781 1790 1046 1849 constare
1114 1785 1434 1848 videretur.
1527 1784 1877 1869 Postquam
1940 1804 1974 1848 e
2030 1783 2354 1868 misioeicap
2412 1781 2685 1850 alterum
2750 1788 2808 1847 εἰ

375 1938 388 1943 -
423 1888 820 1965 evanuisset,
885 1889 1187 1955 accidisse
1251 1894 1406 1975 puto
1453 1896 1526 1953 ut
1571 1888 1747 1955 labes
1795 1888 2005 1955 labem
2052 1891 2349 1977 gigneret
2394 1890 2588 1955 donec
2636 1895 2808 1955 esset

423 1994 537 2060 ubi
583 1996 933 2061 sisteretur.

495 2315 582 2379 12.
630 2314 923 2381 Lentulus
966 2317 1175 2380 consul
1213 2320 1454 2379 conatui
1484 2320 1688 2395 ‘reique
1716 2314 1993 2396 publicae
2030 2336 2091 2378 ee
2128 2336 2247 2379 non
2284 2315 2636 2401 defuturum
2665 2317 2803 2399 pol·

419 2423 662 2498 uocem,
717 2423 772 2486 ei
817 2424 1100 2487 audacter
1146 2444 1216 2485 ac
1245 2423 1509 2506 former
1549 2421 1877 2487 semunciae
1920 2421 2117 2487 dicere
2160 2422 2348 2487 neunt
2362 2450 2391 2498 ;
2435 2423 2535 2487 ein
2588 2423 2800 2487 Caesa-

416 2552 540 2594 rem
598 2528 924 2612 respiciant
981 2536 1156 2614 atquc
1199 2530 1327 2592 eiu
1365 2532 1626 2610 qratiam
1670 2536 1995 2612 aequantur
2020 2576 2035 2604 ,
2086 2533 2152 2593 ut
2196 2530 2593 2611 asperior-‘bu
2621 2530 2803 2614 fecc-

416 2637 546 2699 rint
591 2635 942 2717 temporibus
959 2681 978 2713 ‚
1022 2657 1085 2701 ee
1127 2635 1245 2700 sibi
1283 2635 1591 2699 aonium
1627 2641 1932 2718 capturum
1970 2656 2155 2720 mque
2186 2641 2426 2700 senatus
2448 2636 2706 2700 accim-it
2714 2641 2803 2700 ati

416 2743 940 2825 obtemperaturum
953 2767 983 2826 ;
1029 2741 1242 2806 habere
1286 2763 1349 2806 se
1393 2763 1612 2826 quoque
1656 2741 1742 2804 ad
1784 2737 2067 2807 Caesaris
2106 2741 2369 2821 ,qratiam
2416 2749 2591 2828 atquc
2636 2742 2796 2806 ami-

415 2849 616 2913 citiam
665 2855 988 2932 receptum.

507 2954 800 3020 Ostendit
883 2955 1246 3021 Mommsen
1333 2953 1683 3020 Lentulum
1770 2955 1894 3020 sibi
1978 2955 2233 3040 obloqui
2306 2960 2371 3020 et
2440 2955 2797 3022 contradic-

417 3065 652 3128 tionem
729 3061 878 3127 inde
938 3064 1114 3128 nasci
1183 3062 1352 3147 quod
1421 3081 1648 3128 nomen
1722 3059 2008 3130 Caesaris
2066 3063 2134 3126 in
2196 3067 2585 3147 postremam
2647 3082 2798 3128 sen-

415 3170 681 3233 tentiam
753 3170 1074 3232 intrueum
1143 3170 1248 3234 eit.
1344 3167 1526 3248 Quod
1582 3173 1803 3235 autem
1861 3171 1961 3233 vir
2022 3188 2315 3234 summus
2362 3170 2671 3253 praecipit
2724 3174 2799 3234 ut

415 3281 623 3341 totum
663 3273 826 3340 illud
864 3273 1247 3340 vocabulum
1289 3275 1660 3340 exturbetur
1678 3325 1697 3349 ,
1740 3274 1809 3340 id
1850 3279 2254 3360 praeceptum
2296 3274 2595 3360 equidem
2618 3273 2803 3341 salva

411 3383 766 3448 reverentia
811 3383 1178 3446 cunctanter
1223 3381 1502 3446 observo.
1597 3379 1749 3446 Sine
1796 3399 1975 3446 mora
2021 3380 2189 3447 dicto
2240 3381 2501 3448 audiens
2552 3381 2761 3447 forem
2780 3429 2797 3459 ,

409 3490 464 3553 si
511 3488 760 3553 iuberer
796 3489 864 3550 in
909 3484 1174 3572 expulso
1213 3485 1520 3552 vocabulo
1565 3487 2141 3552 circumscribentis
2181 3485 2453 3552 alicuius
2493 3507 2797 3572 quaerere

409 3594 708 3660 adiectivi
775 3595 1086 3679 vestigia,
1137 3613 1260 3676 quo
1305 3591 1625 3658 Lentulus
1670 3590 1931 3658 definiat
1976 3592 2053 3658 ad
2102 3594 2461 3660 cuiusmodi
2510 3597 2795 3680 gratiam

409 3714 596 3784 atque
659 3701 1012 3764 amicitiam
1077 3707 1400 3784 receptum
1465 3699 1715 3765 habeat.
1809 3697 2263 3784 Expromerem
2318 3707 2534 3762 certam
2556 3747 2573 3777 ,
2630 3699 2797 3784 quod

407 3809 618 3891 ipsum
665 3809 733 3870 in
780 3804 1258 3871 translationem
1304 3811 1450 3890 apte
1494 3805 1783 3891 quadrat.

1660 4003 1749 4068 H.
1800 4001 1899 4068 W.
1951 4002 2122 4070 VAN
2170 4003 2344 4072 DER
2390 4003 2598 4070 MEY.
