3414 5158
1436 342 1662 394 Puro.
2608 325 2737 395 175

347 509 453 576 καὶ
517 513 686 576 τοῦτ’
737 511 798 576 ἕν
845 509 979 592 δίκῃ
1027 512 1298 592 μεμπτῷ
1346 534 1415 576 τε
1466 509 1569 575 καὶ
1621 508 1939 590 ciuium-w
1991 507 2026 592 ᾖ
2076 549 2159 560 -
2210 511 2376 596 quod
2421 509 2594 577 idem
2642 515 2738 576 est

347 639 420 684 ac
481 617 534 682 si
596 617 863 684 dixisset
921 619 1044 697 οὐχ
1106 615 1286 694 ἦττον
1340 618 1400 683 ἐν
1446 618 1719 698 μεμπτῷ
1769 615 1804 690 ἢ
1852 618 1914 683 ἐν
1960 607 2281 697 ἀμέμπτῳ
2332 615 2505 698 dlxv:
2563 618 2738 700 „sive

345 723 448 788 illi
517 725 630 809 qui
701 743 956 790 causam
1017 723 1428 809 perdiderunt
1497 731 1829 809 querentes
1898 726 2033 790 sive
2098 725 2377 789 contenti
2440 721 2733 789 abeant.”

346 830 498 896 Mox
557 830 903 918 legendum
967 832 1251 915 suspicor
1315 827 1514 916 (ἅμα)
1568 831 1771 910 ταύτῃ
1817 833 1995 895 πᾶσαι
2046 831 2215 912 ἀρχὴ
2263 828 2599 903 διεσπάσθη
2649 867 2732 878 -

348 934 589 1015 „simul
635 955 783 1002 cum
828 935 944 1002 illo
990 941 1108 1000 τῶν
1153 936 1407 1002 εὐθύνων
1455 936 1688 1020 reliqui
1734 957 1953 1004 omnes
2002 935 2491 1024 magistratus.'’

435 1042 584 1108 946.
649 1042 724 1108 Β.
799 1042 1039 1108 Orellio
1101 1043 1406 1108 assentior
1466 1044 1795 1122 λειφθῶσιν
1851 1063 1967 1129 pro
2034 1044 2346 1122 ληφθῶσιν
2390 1041 2732 1109 revocanti.

346 1146 520 1229 Quae
565 1167 721 1215 mox
767 1154 1118 1233 sequuntur
1150 1149 1520 1226 ’Μαγνήτων
1571 1150 1606 1224 ἦ
1655 1151 1873 1214 κατὰ
1924 1148 2101 1214 θεὸν
2149 1146 2400 1215 πάλιν
2448 1150 2735 1228 τυχοῦσα

345 1255 644 1335 σωτηρίας
687 1253 865 1328 πόλις
898 1255 1121 1340 procul
1144 1254 1340 1320 dubio
1362 1255 1706 1340 depravata
1728 1259 1913 1333 sunt,
1938 1255 2047 1320 sed
2072 1253 2317 1320 nullam
2343 1252 2737 1340 probabilem

347 1362 774 1427 coniecturam
840 1361 1105 1446 repperi.
1177 1357 1251 1426 O.
1301 1360 1689 1440 ἀποφήνασα
1759 1362 1954 1435 αὐτῆς
2017 1360 2261 1446 [Ἡλίῳ]
2316 1358 2537 1441 ἄνδρας
2585 1357 2735 1430 ’τοὺς

347 1466 624 1543 ἀρίστους
666 1473 823 1546 τρεῖς
855 1503 936 1514 -—
962 1466 1283 1545 ἀκροθίνιον
1319 1465 1669 1530 Ἀπόλλωνι
1697 1502 1780 1515 -
1808 1467 2127 1539 ἀνατίθησι
2169 1467 2357 1532 κοινὸν
2394 1465 2499 1531 και)
2525 1465 2731 1546 Ἡλίῳ.

349 1568 699 1637 Geminum
746 1570 944 1636 solem
997 1570 1231 1636 ebriosi
1275 1572 1515 1636 scribae
1560 1571 1941 1637 intulerunt.
1990 1569 2260 1638 Causam
2312 1573 2540 1637 erroris
2574 1571 2739 1636 hanc

347 1677 546 1742 fuisse
609 1680 907 1762 suspicor.
1004 1677 1320 1756 Quoniam
1368 1676 1696 1742 Ἀπόλλων
1745 1684 1808 1743 et
1853 1675 2068 1748 Ἥλιος
2104 1677 2325 1744 eodem
2364 1675 2738 1763 compendio

347 1780 823 1871 significantur,
894 1782 1065 1848 haud
1133 1784 1374 1848 mirum
1443 1785 1500 1848 si
1571 1804 1684 1868 pro
1759 1783 2107 1850 Ἀπόλλωνι
2180 1785 2357 1849 varia
2416 1782 2607 1848 lectio
2668 1784 2736 1846 in

349 1890 642 1976 margine
696 1893 948 1955 enotata
1010 1894 1105 1954 est
1163 1891 1352 1970 Ἡλίῳ
1372 1938 1390 1973 ,
1455 1910 1643 1975 quam
1695 1892 1907 1958 nescio
1953 1893 2097 1976 quis
2142 1910 2256 1976 pro
2302 1909 2457 1956 voce
2502 1891 2738 1955 omissa

347 1995 609 2068 habuit,
661 1999 725 2060 et
771 1997 840 2060 in
889 1998 1237 2061 orat-ionem
1289 1999 1527 2061 temere
1570 1996 1841 2062 infersit.

438 2101 505 2172 O.
576 2099 732 2167 Tres
790 2098 892 2167 illi
943 2103 1069 2168 viri
1119 2099 1404 2189 Apollini
1449 2107 1514 2167 et
1558 2100 1691 2168 Soli
1741 2102 2111 2169 dedicantur
2128 2153 2146 2188 ,
2193 2123 2319 2169 non
2364 2102 2445 2169 ad
2491 2103 2697 2170 vitam
2715 2151 2734 2179 ,

349 2207 458 2276 sed
522 2202 769 2288 ὅσονπερ
834 2206 910 2272 ἂν
973 2204 1246 2273 ἕπωνται
1305 2207 1516 2287 χρόνον
1561 2217 1640 2292 τῇ
1689 2209 1876 2289 κρίσει
1925 2209 2197 2295 (τούτους
2249 2209 2311 2275 δὲ
2361 2211 2575 2290 πρώτῳ
2620 2208 2733 2286 μὲν

349 2315 600 2396 ἐνιαυτῷ
644 2313 879 2380 δώδεκα
926 2314 1196 2386 εὐθύνους
1245 2313 1596 2403 ὦποδεῒξαι)
1646 2316 1949 2398 μέχριπερ
2000 2315 2076 2382 ἂν
2126 2315 2365 2398 ἑκάστῳ
2413 2315 2600 2382 πέντε
2627 2313 2732 2380 καὶ

347 2421 776 2498 ἑβδομήκοντα
822 2418 930 2495 ἔτη
975 2420 1191 2504 ξυμβῇ
1239 2420 1584 2501 γενόμενος,
1635 2421 1706 2486 τὸ
1756 2422 1965 2488 λοιπὸν
2011 2421 2073 2487 δὲ
2121 2431 2281 2502 τρεῖς
2328 2423 2426 2487 ἀεὶ
2476 2444 2735 2503 προσγι-

353 2525 618 2608 γνέσθων
682 2551 740 2593 κ.
787 2552 849 2593 τ.
898 2527 947 2593 ἑ.
1041 2525 1216 2609 Quae
1277 2527 1548 2604 inclusi,
1610 2533 1752 2615 post
1815 2527 2123 2608 γενόμεναι
2179 2529 2510 2597 inserenda
2564 2531 2731 2595 sunt.

353 2635 520 2703 Nam
573 2632 829 2708 εὐθύνοις
879 2634 1138 2720 quidem
1185 2632 1368 2700 nulla
1412 2639 1586 2701 aetas
1629 2633 2033 2721 praefinitur,
2084 2656 2123 2702 a
2167 2655 2293 2721 qua
2338 2655 2574 2701 munus
2622 2655 2734 2700 ex-

353 2761 558 2809 ercere
601 2743 910 2827 incipiant
927 2788 943 2819 ,
989 2741 1099 2807 sed
1148 2742 1286 2806 eius
1331 2741 1425 2807 rei
1470 2741 1785 2809 iudicium
1834 2763 2025 2828 penes
2062 2746 2189 2809 tres
2225 2744 2397 2809 viros
2434 2740 2739 2827 relinqui-

353 2854 477 2914 tur.
530 2846 696 2929 Quid
742 2850 955 2937 magis
1001 2852 1380 2937 argumento
1426 2868 1562 2915 esse
1599 2850 1800 2935 possit
1839 2854 2017 2915 smel
2048 2853 2301 2915 tantum
2343 2849 2459 2915 hos
2498 2844 2738 2915 creari?

353 2952 588 3021 Contra
653 2956 852 3021 trium
924 2957 1206 3023 virorum
1269 2955 1554 3043 dignitas
1616 2977 1655 3022 a
1718 2958 2251 3043 quinquagesimo
2298 2975 2461 3021 anno
2509 2953 2738 3038 incipit

355 3059 531 3148 (946.
585 3059 720 3147 A.).
767 3059 1018 3127 Horum
1063 3062 1270 3149 igitur
1317 3065 1672 3136 extremum
1722 3063 1915 3129 etiam
1966 3082 2200 3127 annum
2250 3060 2395 3150 lege
2432 3060 2737 3127 constitui

350 3187 464 3252 par
519 3171 635 3233 est.
733 3165 913 3248 Quod
961 3170 1017 3232 si
1061 3167 1250 3249 μέχρι
1296 3191 1408 3247 περ
1455 3171 1599 3253 post
1645 3166 1973 3243 ἀποδεῖξαι
2020 3168 2241 3233 statim
2284 3172 2585 3252 sequatur
2630 3185 2735 3232 co-

351 3276 662 3361 gitatione
721 3273 1148 3361 supplendum
1207 3275 1328 3340 erit
1389 3272 1632 3359 aliquid
1692 3273 2098 3352 huiusmodi,
2164 3274 2497 3360 (διαιτελεῖν
2559 3272 2621 3337 δὲ
2671 3272 2733 3337 ἐν

351 3380 554 3463 ταύτῃ
599 3389 676 3464 τῇ
725 3380 922 3467 ἀρχῇ)
967 3380 1156 3461 μέχρι
1207 3402 1319 3460 περ
1366 3378 1444 3445 ἄν
1491 3404 1548 3447 κ.
1599 3404 1657 3445 τ.
1710 3382 1758 3447 ἑ.
1808 3380 1931 3447 Sed
1970 3400 2173 3467 neque
2213 3379 2377 3446 illud
2419 3378 2734 3445 eiusmodi

351 3493 445 3555 est
517 3488 682 3573 quod
753 3486 1154 3574 subintelligi
1224 3488 1459 3572 possit,
1520 3507 1725 3573 neque
1785 3489 1954 3553 inter
2015 3488 2227 3567 πρώτῳ
2291 3486 2433 3564 μὲν
2482 3484 2733 3564 ἐνιαυτῷ

353 3592 584 3661 δώδεκα
651 3598 716 3661 et
783 3594 854 3659 τὸ
922 3592 1134 3659 λοιπὸν
1203 3594 1282 3659 δὲ
1356 3601 1513 3673 τρεῖς
1585 3593 1935 3679 quidquam
2003 3592 2390 3658 intercedere
2469 3594 2733 3677 oportet.

352 3698 652 3767 Oet-erum
699 3720 860 3787 quae
899 3703 1251 3785 sequuntur
1295 3698 1638 3787 diligenter
1684 3699 2035 3764 attendenti
2085 3696 2333 3781 patebit
2375 3696 2495 3763 hoc
2542 3696 2737 3762 fuisse

350 3805 640 3873 Platonis
705 3804 1048 3873 consilium
1097 3844 1182 3856 —
1231 3804 1385 3871 Tres
1449 3806 1576 3871 viri
1644 3808 1757 3890 qui
1799 3805 2010 3890 primo
2055 3822 2218 3869 anno
2262 3805 2457 3868 creati
2500 3802 2739 3869 fuerint

352 3910 688 3978 duodecim
759 3910 916 3978 alios
977 3912 1101 3977 sibi
1163 3915 1527 3989 assumant,
1592 3911 1978 3995 quibuscum
2040 3929 2169 3975 nna
2235 3912 2735 3997 magistratuum

352 4020 640 4084 omnium
725 4008 1220 4103 inquisitionem'
1295 4020 1646 4083 exerceant.
1734 4002 1863 4082 Sed
1937 4019 2082 4102 post
2141 4016 2425 4102 primum
2495 4034 2737 4081 annum

352 4129 480 4191 tres
539 4124 876 4211 quotannis
939 4122 1268 4201 accedant,
1336 4120 1612 4198 scilicet,
1685 4123 1796 4207 qui
1856 4123 1923 4186 in
1984 4141 2231 4207 quoque
2290 4140 2451 4187 anno
2512 4119 2735 4187 eadem

352 4233 635 4311 ἀριστεῖα
683 4232 1004 4297 consecuti
1043 4229 1310 4307 fuerint,
1363 4228 1530 4293 nullo
1577 4232 1696 4293 alio
1744 4238 2055 4312 assumpto.
2152 4226 2261 4293 Sic
2308 4248 2387 4293 ne
2432 4247 2737 4293 numerus

349 4338 520 4404 iusto
541 4337 754 4403 minor
777 4340 976 4413 esset,
1001 4356 1039 4401 a
1077 4335 1442 4421 quindecim
1483 4336 1656 4401 viris·
1683 4354 1861 4401 orsus
1899 4340 2032 4422 est3
2070 4355 2150 4401 ne
2188 4335 2413 4413 maior,
2448 4332 2623 4401 cavit
2660 4338 2739 4399 ut

350 4450 494 4539 post
533 4444 894 4535 quindecim
934 4462 1128 4511 annos
1167 4446 1296 4509 tres
1327 4440 1674 4509 minimum
1702 4443 2039 4531 quotannis
2060 4441 2445 4534 magistratu
2470 4441 2735 4513 abirent·
