3414 5158
632 323 759 391 190
1654 339 1975 388 nonnus.

985 505 1228 588 μητέρα
1273 505 1326 570 δ’
1375 504 1433 570 εἷ
1477 505 1530 570 οἱ
1581 503 1766 582 θυμὸς
1819 504 2178 587 ἐφορμᾶται
2227 505 2617 590 γαμέεσθαι,

990 612 1089 690 ἂψ
1133 609 1240 677 ἴτω
1291 613 1350 683 ἐς
1398 610 1673 689 μέγαρον
1716 611 1947 693 πατρὸς
1994 611 2175 690 μέγα
2223 609 2592 688 δυναμένοιο.

625 719 712 787 Et
753 722 820 785 in
869 720 1134 786 eandem
1183 719 1566 785 sententiam
1614 711 1935 783 Antinous
1984 717 2274 804 loquitur
2318 718 2367 796 β
2418 717 2580 783 114:

902 827 1143 904 μητέρα
1191 826 1302 898 σήν
1347 823 1731 903 ἀπόπεμψον
1745 870 1763 901 ,
1816 821 2048 904 ἄνωχθι
2098 823 2163 888 δέ
2207 847 2315 902 μιν
2362 821 2715 902 γαμέεσθαι

899 934 982 1012 τῷ
1039 927 1188 1013 ὅτεῳ
1237 954 1306 996 τε
1357 932 1564 1009 πατὴρ
1613 929 1865 996 κέλεται
1919 929 2021 994 κα)
2070 929 2317 995 ἁνδάνει
2364 933 2547 1011 αὐτῇ.

628 1039 715 1106 Et
771 1038 1220 1126 Eurymachus
1280 1038 1332 1115 β
1397 1035 1526 1101 195
1590 1039 1801 1102 utitur
1864 1036 1995 1102 fere
2040 1036 2268 1102 iisdem
2318 1037 2532 1102 verbis
2552 1083 2569 1114 ‚
2618 1036 2853 1122 quibus
2898 1033 3031 1100 Mi-

628 1165 824 1212 nerva.
885 1165 1001 1210 usa
1067 1150 1163 1209 est
1225 1167 1266 1207 α
1313 1141 1469 1210 276.
1539 1141 1600 1208 Ν
1605 1163 1676 1208 eo
1738 1141 2095 1228 discrepant
2157 1163 2319 1227 quae
2366 1141 2641 1208 Tiresias
2686 1145 2903 1207 narrat
2952 1138 3033 1206 de

629 1253 836 1338 procis
879 1265 920 1316 λ
975 1248 1146 1316 117:

1635 1351 1696 1420 οἵ
1732 1377 1822 1419 τοι
1870 1354 2079 1431 βίοτον
2126 1353 2483 1420 κατέδουσιν

999 1462 1296 1540 μνώμενοι
1347 1459 1617 1526 ἀντίθεον
1666 1457 1901 1538 ἄλοχον
1948 1458 2055 1524 καὶ
2104 1455 2245 1524 ἕδνα
2297 1457 2601 1543 διδόντες,

633 1567 980 1654 eademque
1041 1568 1234 1634 verba
1280 1565 1610 1632 Minervae
1659 1565 2033 1630 tribuuntur
2080 1590 2109 1628 ν
2162 1561 2316 1631 377.
2390 1563 2761 1630 Pollioendo
2811 1583 3029 1629 omnes

635 1674 975 1759 superabat
1025 1672 1472 1760 Eurymachus
1524 1694 1552 1735 ο
1609 1667 1729 1734 18;

1005 1779 1113 1855 ἤδη
1158 1777 1284 1857 γάρ
1331 1781 1406 1859 ῥα
1456 1777 1664 1856 πατήρ
1716 1801 1787 1840 τε
1836 1775 2205 1854 κασίγνητοί
2249 1799 2321 1841 τε
2369 1775 2653 1842 κέλονται

1004 1883 1366 1965 Εὐρυμάχῳ
1414 1883 1783 1961 γήμασθαι·
1839 1875 1867 1945 ὃ
1916 1883 2043 1964 γὰρ
2090 1882 2465 1963 περιβάλλει
2513 1879 2809 1954 ἅπαντας

1003 1997 1314 2067 μνήςῆρας
1363 1990 1588 2067 δώροισι
1639 1987 1745 2052 καὶ
1798 1987 2151 2069 ἐξώφελλεν
2196 1988 2386 2054 ἔεδνα.

646 2095 894 2180 Nempe
964 2097 1120 2174 δῶρα
1191 2096 1318 2181 ipsi
1373 2093 1763 2178 Penelopae,
1824 2094 1935 2160 sed
1996 2091 2140 2160 ἕδνα
2203 2094 2423 2161 Icario.
2520 2093 2613 2160 Eo
2661 2095 2873 2182 magis
2915 2093 3037 2158 boo

650 2221 834 2267 omne
916 2203 1261 2276 miramur,
1347 2201 1500 2285 quia
1567 2218 1880 2283 nusquam
1952 2199 2235 2288 legimus
2308 2200 2585 2266 Icarium
2655 2199 3039 2266 Telemacho

651 2307 996 2392 quidquam
1058 2305 1319 2372 reddere
1381 2304 1679 2372 debuisse
1742 2305 1810 2368 ἐκ
1858 2312 1973 2368 τῶν
2022 2303 2235 2382 ἕδνων,
2286 2326 2447 2390 quae
2494 2311 2675 2390 pater
2720 2303 2878 2371 olim
2924 2305 3037 2371 de-

648 2413 844 2478 disset
903 2417 969 2478 et
1027 2412 1156 2479 fere
1216 2411 1590 2477 incredibile
1636 2416 1734 2475 est
1752 2459 1769 2493 ‚
1820 2416 2066 2496 patrem
2116 2410 2316 2478 filiam
2362 2431 2487 2477 non
2536 2410 2737 2477 semel
2784 2411 2895 2477 sed
2940 2411 3039 2476 bis

649 2519 844 2585 etiam
918 2517 1186 2585 vendere
1257 2519 1566 2605 potuisse,
1643 2523 1719 2583 ut
1778 2519 1991 2604 magis
2054 2517 2360 2583 utendam
2424 2517 2631 2584 locare
2676 2519 3002 2585 videretur
3018 2565 3039 2603 ,

647 2646 842 2709 quam
906 2625 1054 2691 dare
1116 2626 1185 2689 in
1249 2626 1735 2690 matrimonium
1786 2630 1851 2688 et
1896 2623 2125 2690 stabile
2172 2625 2601 2710 connubium3
2650 2626 2757 2691 sed
2804 2625 3043 2691 frustra

649 2732 1004 2798 obnitimur
1039 2736 1103 2797 et
1142 2732 1509 2797 testimonia
1548 2730 1785 2796 diserta
1820 2737 1989 2794 sunt.
2038 2729 2295 2796 Addere
2321 2750 2661 2816 possumus
2688 2730 3043 2816 Penelopae
3104 2808 3131 2827 r

646 2836 923 2903 liberum
967 2836 1164 2902 fuisse
1211 2835 1447 2924 eligere
1491 2838 1596 2900 oui
1642 2836 1937 2913 nuberet3
1989 2839 2367 2903 meminerat
2406 2839 2580 2902 enim
2618 2839 2821 2923 ipsius
2846 2836 3042 2923 Ulys-

651 2945 770 3022 sis,
821 2946 933 3028 qui
977 2942 1055 3007 ad
1102 2940 1347 3036 bellum
1393 2942 1793 3026 profecturus
1836 2944 1929 3007 ita
1976 2942 2256 3021 dixerat,
2304 2968 2343 3009 σ
2392 2941 2557 3010 270:

926 3048 1126 3128 αὐτὰρ
1173 3049 1327 3123 ἐπῆν
1373 3046 1444 3120 δή
1493 3048 1699 3113 παῖδα
1748 3050 2159 3127 γενειήσαντα
2208 3048 2409 3125 ἴδηαι,

926 3154 1207 3233 γήμασθ’
1255 3148 1297 3235 ᾧ
1347 3152 1409 3219 κ’
1460 3154 1793 3237 ἐθέλῃσθα,
1837 3156 1971 3220 τεὸν
2022 3156 2193 3221 κατα
2240 3156 2417 3233 δῶμα
2470 3159 2761 3221 λιποῦσα.

650 3261 878 3346 Itaque
947 3261 1290 3326 viduarum
1356 3260 1632 3325 conditio
1692 3260 1886 3346 paulo
1941 3266 2075 3327 erat
2137 3261 2365 3328 melior
2427 3282 2621 3347 quam
2669 3262 3001 3348 virg-inum
3020 3306 3039 3339 ,

652 3388 803 3434 nem
851 3370 1142 3453 poterant
1189 3367 1313 3431 sibi
1361 3366 1598 3453 eligere
1644 3388 1839 3453 quem
1860 3370 2322 3454 gsequerentur‚
2366 3368 2475 3433 sed
2513 3374 2693 3454 pater
2732 3375 2797 3435 et
2820 3368 3047 3434 fratres

652 3479 956 3561 perpetuo
1017 3473 1366 3560 urgebant,
1431 3478 1506 3537 nt
1569 3472 1884 3560 eligerent
1942 3472 2443 3552 divitissimum,
2492 3495 2616 3559 quo
2662 3477 2785 3561 ipsi
2834 3476 3045 3539 maius

652 3580 906 3647 luorum
955 3580 1252 3646 facerent.
1299 3578 1450 3664 Ipsa
1493 3578 1811 3667 Penelope
1856 3580 1977 3646 hoo
2022 3578 2356 3645 confitetur
2404 3604 2443 3644 τ
2495 3579 2661 3646 158:

927 3690 1026 3751 νῦν
1073 3688 1124 3751 δ’
1173 3683 1304 3749 οὔτ’
1353 3686 1684 3766 ἐκφυγέειν
1732 3686 2001 3763 δύναμαι
2052 3684 2261 3765 γάμον
2309 3685 2449 3752 οὔτε
2494 3686 2610 3752 τιν’
2657 3685 2862 3761 ἄλλην

927 3800 1112 3869 μῆτιν
1159 3788 1240 3856 ἔθ’
1289 3791 1536 3871 εὑρίσκω
1564 3811 1580 3830 ·
1629 3790 1819 3869 μοὶλα
1868 3791 1919 3856 δ’
1968 3790 2267 3871 ὀτρύνουσι
2318 3800 2529 3868 τοκῆες

929 3898 1230 3977 γήμασθ’,
1280 3898 1602 3981 ἀσχαλάᾳ
1650 3897 1713 3963 δὲ
1761 3899 1909 3970 ποὶις
1962 3897 2168 3974 βίοτον
2214 3900 2608 3965 κατεδόντων.

655 4003 740 4069 Et
785 4006 854 4068 in
903 4003 1168 4070 eandem
1215 4007 1596 4071 sententiam
1645 4003 1817 4070 filius
1865 4004 1943 4071 ad
1990 4025 2210 4091 procos
2258 4029 2293 4069 υ
2340 4004 2505 4072 341:

930 4108 1062 4175 οὔτι
1111 4110 1404 4190 διατρίβω
1453 4112 1678 4191 μητρὸς
1728 4110 1971 4189 γάμον,
2024 4113 2203 4176 ἄλλα
2253 4112 2481 4177 κελεύω

931 4217 1210 4294 γήμασθ’
1258 4210 1302 4299 ᾦ
1351 4219 1408 4281 κ’
1457 4215 1669 4297 ἐθέλῃ,
1718 4216 1857 4283 ποτ)
1906 4216 1959 4281 δ’
2006 4214 2261 4283 ἄσπετα
2312 4219 2467 4300 δῶρα
2518 4218 2752 4299 δίδωμι.

933 4320 1215 4399 αἰδέομαι
1263 4322 1317 4385 δ’
1363 4322 1667 4387 α’έκουσαν
1714 4321 1841 4388 απὸ
1890 4322 2185 4403 μεγάροιο
2232 4324 2465 4391 δίεσθαι

931 4428 1101 4513 μύθῳ
1147 4429 1507 4510 ἀναγκαίῳ·
1560 4432 1649 4507 μὴ
1693 4434 1873 4495 τοῦτο
1924 4429 2049 4503 θεὸς
2101 4432 2427 4498 τελέσειεν.
