3414 5158
624 342 668 409 2
1599 358 2025 409 monimus.

621 527 723 592 An
766 542 918 592 vero
961 522 1362 590 Herodianus
1407 524 1729 610 scripsisse
1776 523 2121 589 censendus
2168 527 2297 589 est:
2370 523 2751 601 ςρατηγικην
2797 522 2831 599 ἢ
2896 546 3037 587 πο·-

621 632 859 706 λιτικην
905 632 996 711 ἀρ
1014 634 1169 712 χην
1226 627 1545 710 ἔχοντι,
1593 633 1729 697 sive
1779 629 2097 695 militibus
2152 632 2501 716 imperator
2558 629 2693 697 sive
2758 630 3005 695 civibus

619 743 824 803 rector
869 742 1220 823 praeesset,
1269 738 1315 802 i.
1341 757 1394 803 e.
1445 737 1512 801 ιἰι
1561 738 1876 803 coercendo
1925 744 2031 801 aut
2078 736 2337 800 militari
2376 744 2483 801 aut
2522 736 2693 799 oiviba·
2716 734 3005 819 imperio?

619 843 763 909 Hoc
807 845 1020 929 potius
1069 843 1465 909 crediderim.
1511 842 1658 910 Non
1705 864 1847 909 rara
1891 848 1989 909 est
2028 844 2361 929 utriusque
2405 843 2795 909 substantivi
2819 840 3004 921 ἀρετή

621 953 686 1015 et
733 948 900 1029 ἀρχῆ
947 950 1014 1013 in
1060 947 1244 1014 libris
1291 949 1593 1015 confusio.

709 1053 742 1119 Ι
788 1054 845 1131 4,
905 1054 938 1120 l
1004 1056 1208 1138 ἡσυχῇ
1273 1060 1380 1121 τοῦ
1439 1054 1775 1134 σκίμποδος
1844 1054 2147 1136 κουφίσας
2214 1056 2429 1121 ἑαυτὸν
2477 1054 2758 1123 τοιούτων
2806 1052 3006 1135 λόγων

621 1158 866 1243 ἤρξατο.
963 1160 1410 1228 Mendelssohn
1474 1166 1662 1241 „ante
1724 1166 1830 1257 τοῦ
1894 1164 2426 1251 praepositionem
2474 1160 2828 1229 desidero.”
2920 1162 3007 1228 At

620 1269 769 1335 vide
812 1267 884 1333 ΙΙ
933 1266 994 1341 6,
1045 1267 1084 1333 ’7
1133 1268 1222 1355 (p.
1275 1268 1388 1354 52)
1436 1268 1804 1349 ἀναθορόντα
1852 1274 1958 1335 τοῦ
2007 1268 2365 1347 σκίμποδος.

711 1374 748 1439 I
795 1374 862 1451 4,
909 1372 950 1439 3
1013 1378 1113 1440 νῦν
1177 1373 1238 1440 δὲ
1300 1375 1502 1456 καιρὸς
1566 1373 1837 1456 εὔκαιρος
1889 1375 2026 1452 ἐμοί
2068 1400 2140 1442 τε
2187 1375 2501 1441 αἰσθέσθαι
2548 1377 2637 1455 μὴ
2687 1373 2896 1453 μάτην
2942 1375 3002 1447 ἐς

623 1482 788 1560 ὑμᾶς
849 1481 1240 1546 τοσούτου
1298 1472 1589 1563 χρόνου
1635 1484 1823 1560 τιμήν
1870 1505 1943 1547 τε
1989 1482 2095 1547 καὶ
2142 1480 2405 1557 σπουδὴν
2471 1481 3003 1547 κατατεθεῖσ-

623 1588 770 1653 θαι.
853 1584 1113 1653 Soloeca
1169 1593 1490 1653 structura
1547 1607 1661 1674 pro
1723 1587 2416 1670 κατατεθειμένῳ.
2510 1586 2846 1654 Praeterea
2886 1606 3000 1653 no-

619 1694 852 1760 tandus
923 1714 1076 1759 usus
1136 1696 1423 1782 genetivi
1481 1693 1853 1780 temporalis
1911 1715 2024 1781 pro
2072 1695 2434 1763 accusativo
2450 1741 2467 1773 ,
2518 1696 2632 1780 qui
2676 1713 2831 1758 usus
2873 1691 3003 1757 He·

619 1800 878 1867 rodiano
923 1801 1214 1885 proprius
1259 1805 1354 1865 est
1399 1804 1464 1865 et
1508 1820 1704 1886 paene
1750 1806 2109 1887 perpetuus.

709 1904 740 1971 Ῑ
789 1905 851 1985 4,
903 1904 942 1971 5
994 1908 1059 1971 ού
1110 1904 1237 1986 γὰρ
1283 1907 1334 1970 01
1384 1903 1454 1981 ἐξ
1498 1904 1781 1984 ἀνάγκης
1831 1905 2212 1979 δουλεύοντες
2262 1908 2414 1971 ἀλλ’
2462 1906 2515 1970 οἱ
2554 1904 2724 1983 μετὰ
2764 1905 3002 1978 πειθοῦς

623 2012 1032 2084 ὑπακούοντες
1098 2010 1532 2076 ἀνύποπτα
1594 2012 1701 2076 καὶ
1766 2009 1879 2087 ἔξω
1925 2014 2259 2085 κολακείας
2308 2010 2711 2093 προσποιήτου
2758 2009 3004 2091 δρῶντές

621 2142 692 2184 τε
741 2117 848 2183 καὶ
899 2117 1255 2198 πάσχοντες
1305 2116 1692 2195 διατελοῦσι,
1745 2118 1850 2183 καὶ
1896 2118 2031 2184 οὐδέ
2077 2142 2228 2185 ποτε
2276 2116 2751 2203 ἀφηνιάζουσιν,
2802 2116 2871 2193 ἣν
2914 2118 3004 2195 μὴ

619 2226 740 2309 βία
802 2225 908 2290 καὶ
975 2222 1145 2304 ὕβρει
1210 2226 1309 2290 ἐπὶ
1372 2228 1551 2290 τοῦτο
1613 2226 1908 2308 ἀχθῶσιν.
1968 2226 2255 2292 Adnotat
2300 2226 2539 2293 editor:
2598 2224 2999 2309 ,ἀνύποπτα]

623 2330 1002 2409 »ἀνύποπτοι
1067 2352 1134 2411 a,
1209 2330 1426 2421 vulg-o.
1476 2332 1864 2397 vocabulum
1911 2334 1977 2398 h.
2026 2332 2073 2397 1.
2124 2332 2463 2399 delendum
2510 2338 2701 2418 pute,
2750 2338 2817 2398 et
2864 2335 3008 2417 post

624 2436 1023 2517 ,,πάσχοντες
1071 2438 1402 2503 inserenda
1447 2436 1683 2502 ἀνεκτοὶ
1725 2439 1888 2506 πιςοὶ
1930 2437 2035 2505 vel
2076 2440 2221 2504 sim.
2272 2438 2531 2525 (ἀνεκτοὶ
2558 2438 2780 2504 ἔπαθον
2802 2436 3003 2503 Thuc.

619 2543 748 2610 VH
799 2544 907 2630 77,
958 2543 1091 2631 4).”
1141 2542 1518 2610 Violentum
1567 2564 1717 2610 sane
1762 2546 2153 2632 remedium,
2202 2544 2377 2632 quali
2420 2566 2547 2612 non
2593 2546 2717 2611 nisi
2764 2546 2833 2610 in
2871 2543 3007 2609 des-

619 2657 838 2737 perata
907 2673 972 2717 re
1041 2651 1354 2718 utendum
1417 2657 1535 2717 est.
1628 2649 1797 2716 Mihi
1854 2674 2005 2719 vera
2062 2653 2317 2719 videtur
2364 2652 2634 2740 vulgata
2653 2700 2669 2730 ‚
2718 2671 2878 2738 quae
2926 2672 3003 2716 ex

619 2758 855 2825 Aldina
899 2759 1174 2823 editione
1220 2757 1440 2832 fluxit,
1490 2759 1804 2841 scriptura
1849 2760 2225 2836 ἀνύποπτοι,
2276 2758 2466 2822 modo
2504 2757 2643 2823 loco
2683 2777 2799 2823 suo
2837 2755 3002 2823 unde

618 2864 775 2931 olim
838 2870 1015 2929 mota
1077 2869 1171 2928 est
1232 2865 1585 2948 reponatur.
1683 2862 2135 2928 Scribendum:
2201 2865 2266 2928 οὐ
2333 2865 2458 2944 γὰρ
2506 2864 2555 2928 οἱ
2607 2863 2673 2939 ἐξ
2720 2862 3002 2942 ἀνάγκης

620 2969 1003 3041 δουλεύοντες
1067 2971 1216 3032 ἀλλ’
1279 2969 1329 3032 οἱ
1393 2967 1564 3046 μετὰ
1612 2971 1852 3041 πειθοῦς
1902 2969 2308 3042 ὑπακούοντες
2358 2967 2463 3034 καὶ
2506 2967 2619 3047 ἔξω
2669 2968 3001 3040 κολακείας

618 3076 1020 3156 προσποιήτου
1080 3075 1327 3155 δρῶντές
1387 3098 1458 3139 τε
1523 3075 1626 3139 καὶ
1693 3075 2051 3156 πάσχοντες
2099 3076 2566 3142 ἀνύποπτοι
2615 3075 2999 3153 διατελοῦσι,

620 3184 747 3248 κτε.
799 3181 1046 3262 Quibus
1097 3180 1264 3245 nihil
1311 3191 1408 3246 est
1454 3179 1705 3268 planius
1754 3187 1868 3246 aut
1912 3185 2146 3249 sanius.

708 3287 743 3353 I
791 3289 856 3373 4,
905 3287 944 3352 7
993 3286 1440 3367 κατασχόντας
1486 3285 1709 3353 αὐτῶν.
1762 3285 1866 3353 Ita
1906 3287 2066 3354 solet
2100 3287 2537 3368 Herodianus,
2577 3287 2757 3354 velut
2793 3288 2830 3353 I
2871 3285 2931 3366 ’7,
2960 3286 3001 3353 3

618 3395 682 3462 ῙΙ
727 3395 793 3480 2,
842 3395 882 3460 9
947 3401 1012 3460 et
1072 3395 1228 3461 alibi
1283 3399 1656 3460 constanter.
1711 3392 1964 3460 Veteres
2013 3402 2125 3461 aut
2170 3398 2468 3479 κατέχειν
2514 3395 2730 3462 ἑαυτόν
2780 3394 3003 3460 dicunt

620 3507 733 3568 aut
777 3499 1058 3588 elliptice
1107 3501 1419 3582 κατέχειν.

709 3607 740 3673 Ι
789 3607 849 3687 5,
904 3609 937 3673 1
991 3605 1154 3683 ἔδοξε
1193 3615 1319 3679 τοῖς
1357 3606 1564 3689 φίλοις
1605 3615 2040 3687 προσαγαγεῖν
2084 3609 2153 3674 τὸ
2178 3608 2487 3690 μειράκιον
2516 3605 3001 3694 (Commodum)

619 3715 680 3789 ἐς
743 3714 813 3780 τὸ
876 3712 1279 3797 στρατόπεδον,
1344 3713 1420 3784 ὥς
1482 3711 1559 3778 ἂν
1607 3713 2101 3796 διαλεχθείη
2149 3737 2220 3780 τε
2268 3721 2394 3786 τοῖς
2439 3713 2841 3794 στρατιώταις,
2896 3711 2998 3777 καὶ

621 3861 704 3872 -
749 3820 1288 3898 οἶκειῶσηται
1329 3821 1400 3886 τὸ
1439 3820 1788 3901 ςράτευμα.
1840 3817 2238 3887 Concinnum
2260 3821 2424 3887 foret
2447 3826 2559 3886 aut
2581 3819 2887 3901 διαλεχθῇ
2916 3856 2997 3866 -

617 3931 995 4005 οἱκειώσηται
1067 3934 1177 3994 aut
1245 3925 1600 4008 διαλεχθείη
1673 3965 1757 3976 -
1814 3928 2209 3992 οἷκειῶσαιτο.
2305 3928 2503 3992 Amat
2572 3945 2724 3993 vero
2794 3931 3004 3992 noster

617 4041 1005 4100 structuram
1065 4031 1526 4119 particularum
1585 4035 1663 4104 ὡς
1729 4057 1804 4097 αν
1867 4053 2017 4099 cum
2082 4034 2386 4120 optativo.
2452 4029 2547 4098 Of.
2599 4031 2707 4098 III
2759 4029 3000 4127 12,12

617 4138 901 4226 aliosque
945 4141 1116 4206 locos
1161 4159 1354 4225 quam
1403 4136 1737 4223 plurimos.

706 4245 737 4311 I
784 4247 846 4324 5,
898 4248 940 4312 4
989 4247 1186 4328 φέρων
1232 4244 1303 4309 τέ
1350 4267 1431 4322 με
1479 4244 1787 4342 πολλάκις
1838 4247 2068 4333 (pater)
2109 4244 2199 4311 ἔτι
2240 4245 2444 4322 νήπιον
2482 4245 2631 4311 ὄντα
2667 4265 2809 4312 ταις
2850 4203 2995 4316 tim·

615 4352 818 4431 τέραις
867 4351 1196 4431 ἐνεχείρισε
1243 4350 1470 4418 πίςεσι.
1520 4351 1723 4432 διόπερ
1771 4375 1876 4416 και
1928 4355 2135 4435 ῥᾷστα
2192 4352 2397 4424 πάσης
2447 4349 2676 4418 εὐνοίας
2724 4344 2997 4424 μεθέξειν

615 4459 760 4538 πρὸς
832 4457 995 4537 ὑμῶν
1056 4457 1329 4538 ηλπικα,
1390 4465 1507 4522 τῶν
1564 4458 1680 4537 μὲν
1744 4457 2169 4538 πρεσβυτέρων
2231 4455 2584 4540 τροφεῖά
2632 4476 2734 4531 μοι
2784 4473 2998 4518 ταυτα
