3414 5158
1335 377 1735 428 monotrus.
2642 359 2730 429 87

311 547 631 626 Μέμφιν.
685 584 768 596 -
819 546 946 609 ἀπὸ
1008 552 1122 612 τῶν
1185 553 1391 628 Καρῶν
1453 545 1690 610 ἐκείνων
1753 543 1933 627 μέρος
1983 569 2043 611 τι
2090 553 2201 620 τῆς
2252 543 2576 628 Μέμφεως
2626 545 2729 611 κέ-

321 668 576 727 κλητοιι
625 643 1136 734 Καρομεμφῖτοοι.

441 760 564 841 Qui
623 761 912 826 mercede
977 761 1271 826 conducti
1320 761 1687 826 militabant
1737 779 1860 826 non
1907 761 2194 828 solebant
2241 781 2467 826 uxores
2514 783 2731 827 secum

329 867 595 932 trahere
655 879 720 933 et
783 888 859 932 ex
917 870 1057 953 ipsa
1099 871 1192 932 rei
1239 874 1466 933 natura
1513 869 2001 932 consuescebant
2048 888 2196 932 cum
2243 866 2624 932 mulieribus
2666 871 2734 932 in

332 995 418 1039 ea
464 976 720 1061 regione
767 973 879 1038 ubi
928 974 1294 1038 militabant
1336 981 1448 1038 aut
1495 979 1700 1039 castra
1750 976 1988 1040 stativa
2033 973 2369 1039 habebant.
2418 973 2525 1040 Sic
2565 994 2736 1039 com-

331 1088 782 1146 memorantur
844 1102 881 1146 a
935 1080 1124 1147 Livio
1173 1080 1404 1146 XLIII.
1457 1081 1526 1146 2:
1595 1081 1730 1143 nati
1776 1103 1848 1145 ex
1892 1079 2182 1145 militibus
2229 1079 2517 1144 Romam'e
2559 1089 2618 1146 ec
2664 1103 2737 1145 ex

333 1187 644 1270 Hispanis
703 1189 1044 1252 mulieribus
1063 1235 1078 1266 ,
1127 1211 1254 1250 cum
1301 1189 1512 1273 quibus
1558 1187 1913 1252 connubium
1958 1209 2077 1251 non
2123 1195 2287 1252 esset.
2383 1184 2491 1253 Sic
2544 1184 2735 1254 Cares

337 1291 648 1358 dicuntur
711 1294 1058 1373 ἐπιγαμίας
1122 1296 1265 1372 πρὸς
1317 1294 1674 1374 Μεμφίταις
1726 1293 2136 1378 ποιήσασθαι,
2186 1296 2277 1360 sio
2322 1295 2527 1384 igitur
2572 1293 2733 1380 Sey-

339 1398 494 1465 thae
540 1399 642 1464 διὰ
689 1402 799 1474 τὴν
847 1401 988 1478 πρὸς
1033 1401 1174 1474 τοὺς
1209 1398 1526 1474 Ἓλληνας
1570 1399 1910 1473 ἐπιπλοκὴν
1951 1400 2305 1478 ἐπιγαμίας
2330 1399 2728 1477 ποιησάμενοι

341 1504 828 1591 appellabantur
874 1505 1383 1578 Ἑλληνοσκύθοιι.

441 1608 538 1678 Cf.
587 1611 893 1676 Herodot.
943 1610 1052 1676 IV.
1109 1610 1267 1675 108:
1320 1611 1433 1676 εἶσὶ
1485 1611 1612 1689 γὰρ
1661 1612 1713 1675 οί
1762 1611 2019 1675 Γελωνοὶ
2068 1609 2138 1675 τὸ
2190 1611 2453 1692 ἀρχαῖον
2496 1607 2736 1684 Ἐλλη-

349 1740 483 1800 νες,
547 1719 617 1780 ἐκ
682 1723 797 1780 τῶν
862 1716 924 1781 δὲ
990 1718 1285 1796 ἐμπορίων
1336 1716 1753 1793 ἕξοινοιςοέντες
1801 1717 2052 1790 οἴκησαν
2100 1719 2161 1781 ἐν
2208 1725 2363 1782 τοῖσι
2415 1717 2737 1783 Βουδίνοισι

347 1820 459 1889 καὶ
507 1823 762 1906 γλώσσῃ
807 1824 893 1888 τὰ
940 1823 1055 1902 μὲν
1103 1826 1370 1906 Σκυθικῇ
1417 1825 1503 1888 τοὶ
1555 1824 1617 1888 δὲ
1664 1826 1999 1906 Ἑλληνικῇ
2048 1824 2371 1904 χρέωνται.
2445 1823 2539 1890 Hi
2584 1845 2737 1910 quo·

345 1950 471 2014 que
519 1936 696 1994 erant
746 1931 1246 2003 Ἑλληνοσκύθοιι.

437 2036 636 2101 Erant
698 2044 834 2101 tum
895 2040 963 2102 in
1013 2039 1316 2125 Aegypto
1363 2036 1652 2102 militum
1702 2038 1995 2103 mercede
2044 2038 2498 2104 conductorum
2546 2039 2737 2104 XXX

345 2142 571 2208 millia.
639 2142 878 2209 Herod.
939 2143 1028 2209 ΙΙ.
1084 2145 1248 2210 163:
1300 2147 1556 2228 Aprias,
1607 2166 1799 2230 quem
1848 2147 2105 2210 Amasis
2152 2167 2349 2234 regno
2396 2149 2610 2224 exuit,
2662 2151 2738 2210 ab

344 2250 648 2335 Aegyptiis
707 2252 1027 2316 destitutus
1089 2248 1318 2332 ὥπλιζε
1381 2252 1519 2322 τοὺς
1581 2251 1925 2329 ἐπικούρους
1988 2253 2093 2316 καὶ
2164 2253 2393 2327 ἤλαυνε
2439 2253 2539 2318 ἐπὶ
2589 2255 2730 2326 τοὺς

344 2358 764 2434 Αἰγυπτίους·
841 2354 980 2438 εἶχε
1050 2359 1111 2425 δὲ
1182 2359 1316 2437 περὶ
1378 2357 1596 2424 ἑωυτὸν
1663 2358 1875 2436 Κᾶροὶς
1940 2382 2011 2422 τε
2070 2360 2177 2422 καὶ
2234 2361 2453 2432 Ἴωνας
2504 2357 2729 2438 ἄνδρας

343 2464 714 2547 [ἐπικούρους
772 2464 929 2550 del.]
978 2465 1380 2543 τρισμυρίους.
1430 2464 1566 2529 Hos
1614 2484 1835 2530 omnes
1874 2464 2137 2531 Amasis
2173 2464 2489 2531 debellato
2525 2463 2731 2550 Apria

343 2570 707 2657 Memphim
781 2571 1085 2636 traduxit.
1181 2569 1478 2645 Amasis,
1552 2577 1626 2635 ut
1693 2569 2056 2636 Herodotus
2128 2573 2351 2636 scribit
2417 2570 2504 2636 ΙΙ.
2582 2571 2733 2651 173,

341 2698 540 2764 regno
609 2681 851 2763 potitus
912 2699 1112 2763 quum
1177 2698 1215 2743 a
1277 2678 1526 2742 civibus
1589 2679 1724 2741 suis
1788 2682 1863 2741 ut
1922 2676 2189 2741 obscuro
2249 2675 2387 2743 loco
2433 2686 2620 2743 natus
2668 2685 2735 2744 et

343 2804 510 2849 unus
565 2784 642 2850 de
701 2783 936 2869 populo
997 2789 1545 2857 contemneretur,
1613 2782 1843 2847 callide
1892 2789 1958 2848 et
2003 2782 2398 2867 lepidissime
2444 2784 2571 2848 sibi
2616 2802 2733 2869 po-

342 2890 667 2977 pularium
731 2894 976 2956 animos
1041 2891 1438 2965 conciliavit,
1504 2890 1947 2969 προσηγάγετο
1994 2892 2135 2959 τοὺς
2185 2891 2571 2969 Αἰγυπτίους
2619 2889 2736 2960 ὥςε

344 2996 611 3062 δικαιοῦν
676 2995 1018 3075 δουλεύειν,
1086 2996 1195 3063 sed
1249 2997 1442 3062 homo
1491 3005 1719 3062 cautus
1766 3017 1890 3063 non
1938 3017 2197 3061 omnem
2242 3000 2310 3061 in
2357 2997 2578 3084 populi
2630 2998 2735 3064 be·

339 3104 701 3169 nevolentia
762 3103 1062 3170 fiduciam
1126 3106 1373 3189 posuit,
1436 3103 1546 3168 sed
1605 3102 1797 3167 XXX
1847 3102 2055 3170 millia
2104 3103 2333 3168 Ionum
2380 3111 2444 3169 et
2493 3101 2732 3170 Garum

341 3212 655 3275 κατοίκισε
739 3212 798 3282 ἐς
870 3210 1137 3289 Μέμφιν
1209 3218 1620 3276 ΦΤΛΑΚΗΝ
1696 3212 2083 3276 ‘en‘rTOT
2152 3219 2727 3277 HOIGTMSNOC

341 3327 562 3383 rlPOC
610 3324 1122 3382 Alr‘rrlTlnN.

429 3422 802 3490 Notandum
850 3430 947 3489 est
991 3423 1232 3489 milites
1281 3423 1568 3489 mercede
1615 3424 1957 3489 conductos
1999 3426 2359 3509 promiscue
2400 3432 2466 3491 et
2508 3426 2729 3493 eodem

336 3552 521 3598 sensu
593 3531 898 3617 appellari
961 3530 1242 3603 Ἴωνάς
1313 3556 1382 3595 τε
1457 3529 1559 3595 xa)
1626 3535 1835 3622 Κᾶρας
1901 3537 1965 3595 et
2023 3528 2439 3605 Ἕλληνάς
2501 3556 2572 3597 τε
2621 3532 2725 3597 καὶ

341 3642 582 3718 Κᾶρας,
631 3648 705 3703 ut
754 3638 864 3703 ΙΙΙ.
916 3638 1034 3703 ll:
1083 3639 1134 3702 οἱ
1183 3637 1478 3719 ἐπίκουροι
1524 3642 1632 3702 τοῦ
1683 3639 2036 3715 Αἰγυπτίου
2086 3638 2285 3711 ἐόντες
2327 3637 2536 3717 ἄνδρες
2574 3635 2727 3703 Ἐλ-

339 3747 516 3820 ληνές
563 3768 634 3809 τε
681 3746 785 3810 καὶ
837 3750 1030 3825 Κᾶρες
1085 3782 1168 3793 -·
1217 3744 1644 3825 μηχανέοντοιι
1697 3752 1965 3823 πρῆγμα.
2014 3742 2261 3807 τοιόνδε.
2346 3744 2557 3833 Reges
2603 3746 2729 3812 Αθ-

340 3856 531 3942 gypti
600 3874 724 3919 non
795 3853 863 3930 ἐξ
930 3853 1264 3931 Ἀρκαδίας
1339 3852 1682 3932 ἐπικούρους
1758 3849 2192 3927 arcessebant,
2256 3850 2366 3915 sed
2432 3872 2509 3915 ex
2554 3851 2728 3917 Asia.

341 3960 642 4044 Princeps
691 3966 806 4024 τῶν
856 3960 1179 4039 ἐπικούρων
1228 3958 1531 4035 Ἀμάσιος
1581 3954 1651 4033 ἦν
1691 3957 1837 4037 οὶνηρ
1875 3953 2049 4033 γένος
2092 3956 2204 4036 μὲν
2230 3958 2723 4036 ’Λλικοιρνησεύς,

338 4066 564 4143 οὕνομα
625 4066 689 4131 δέ
737 4068 786 4131 οὶ
835 4064 1071 4144 Φάνης,
1123 4065 1226 4130 καὶ
1275 4064 1525 4143 γνώμην
1572 4064 1778 4135 ἱκανὸς
1828 4063 1931 4128 καὶ
1980 4065 2067 4128 τοὶ
2116 4063 2390 4142 πολέμια
2439 4064 2726 4141 ἄλκιμος.

337 4172 573 4240 Herod.
628 4172 750 4237 III.
806 4172 868 4235 4.

433 4280 804 4345 Notandum
891 4285 986 4343 est
1064 4276 1338 4344 Graecos
1407 4280 1721 4344 Asiaticos
1788 4300 2007 4344 omnes
2076 4280 2405 4344 communi
2473 4280 2731 4344 nomine

336 4389 554 4455 Ἴωνας
604 4385 930 4473 appellari.
981 4383 1086 4449 IV.
1142 4383 1301 4450 136:
1357 4386 1573 4464 ἔλεγον
1619 4386 1765 4466 πρὸς
1802 4387 1942 4457 τοὺς
1979 4384 2195 4455 Ἴωνας
2239 4384 2448 4455 ἐόντας
2487 4385 2546 4449 ἐν
2587 4392 2729 4467 τῇσι

341 4494 511 4567 νηυσί
560 4490 806 4571 »ἄνδρες
849 4490 1099 4564 ''leaves”
1149 4492 1276 4557 κτὲ.
1328 4498 1392 4557 et
1440 4512 1574 4578 cap.
1634 4489 1791 4567 137:
1842 4490 1986 4571 πρὸς
2034 4494 2245 4557 ταῦτα.
2288 4490 2489 4566 Ἴωνες
2540 4492 2723 4569 ἐβου·
