3414 5158
644 357 772 426 132
1629 372 2029 431 nunonomus.

636 545 1010 610 structionem
1030 595 1048 632 ‚
1107 567 1256 631 quae
1317 544 1549 631 alioqui
1595 550 1765 611 verbo
1797 550 2040 631 paseivo
2088 546 2397 631 convenit,
2448 546 2625 611 habea
2670 553 2727 612 et
2770 551 2835 609 in
2881 545 3025 613 aliie

638 653 981 736 quibusdam
1041 653 1206 718 verbi
1249 651 1458 717 πίπτω
1507 652 1857 737 compositis.

725 754 1120 844 Simillimus
1175 758 1328 825 huie
1386 758 1564 825 loeus
1641 763 1741 825 est
1800 758 1968 844 apud
2018 756 2419 825 Herodotum
2467 756 2577 823 VI.
2631 756 2796 823 106:
2846 754 3027 823 πόλιν

633 864 957 948 δουλοσύνη
999 870 1441 946 περιπεσοῦσαν
1489 864 1636 946 πρὸς
1684 864 1909 945 ἀνδρῶν
1954 864 2313 945 βαρβάρων.
2380 863 2783 931 Atheniensis
2832 862 3027 929 dixis·

635 976 732 1037 set
780 970 959 1037 πόλιν
1007 971 1576 1039 καταδουλωθεῖσαν
1629 971 1747 1037 ὑπὸ
1792 977 1910 1037 τῶν
1955 969 2311 1052 βαρβάρων.

723 1075 840 1141 Est
899 1077 1076 1143 loeus
1134 1080 1202 1142 in
1247 1076 1535 1144 Platonis
1585 1076 1884 1161 Apocoyia
1930 1076 2189 1143 Socrati-2
2232 1096 2381 1163 pag.
2430 1074 2519 1141 25
2542 1098 2593 1140 ο.
2643 1075 3021 1160 depravatus

630 1183 712 1248 ab
756 1184 839 1248 iis
887 1186 995 1269 qui
1041 1185 1352 1271 corrigere
1398 1180 1755 1249 voluerunt.
1808 1181 2074 1249 Editur:
2117 1180 2224 1246 ἐάν
2264 1203 2403 1247 τινα
2441 1179 2745 1263 μοχθηρὸν
2791 1178 3016 1253 ποιήσω

632 1296 749 1354 τῶν
795 1287 1085 1367 ξυνόντων
1131 1287 1488 1355 κινδυνεύσω
1539 1286 1725 1353 κακόν
1773 1310 1831 1351 τι
1880 1286 2108 1366 λαβεῖν
2160 1284 2323 1352 ''An
2373 1288 2587 1351 αὐτοῦ.
2638 1286 2884 1352 Notum
2922 1288 3019 1351 est

630 1396 898 1462 verbum
943 1395 1198 1461 τύπτειν
1237 1395 1470 1461 habere
1506 1396 1834 1480 passivum
1872 1396 1941 1459 in
1980 1395 2297 1479 praesenti
2337 1397 2626 1479 tempore
2656 1393 3017 1471 τύπτεσθαι,

630 1502 700 1566 in
771 1504 1002 1569 aoristo
1071 1506 1136 1566 et
1203 1500 1480 1585 perfeeto
1549 1500 1810 1577 πληγὰς
1871 1500 2104 1577 λαβεῖν
2155 1505 2230 1566 -et
2293 1497 2620 1580 εἰληφέναι
2683 1502 2749 1564 et
2796 1518 3015 1577 neme,

633 1608 818 1673 credo
833 1654 852 1687 ,
910 1606 1173 1695 negabit
1232 1607 1576 1673 necessario
1638 1626 1777 1689 esse
1837 1604 2179 1671 dicendum
2228 1606 2489 1682 πληγὰς
2538 1603 2768 1683 λαβεῖν
2815 1606 3010 1671 ’ΤΠΟ

632 1736 824 1799 τινος,
873 1718 936 1779 et
982 1712 1331 1779 absurdum
1381 1732 1514 1777 esse
1560 1712 1767 1778 dicere
1817 1710 2013 1778 ’ΛΠΟ
2064 1735 2221 1786 τινος
2270 1712 2534 1789 πληγὰς
2576 1710 2823 1790 λαβεῖν.
2874 1711 3017 1777 Non

629 1820 844 1885 minus
887 1819 1308 1885 necessarium
1357 1823 1454 1883 est
1500 1817 1709 1884 dicere
1748 1816 1937 1883 κακόν
1974 1841 2036 1882 τι
2074 1818 2302 1897 λαβεῖν
2344 1814 2743 1889 ΤΠΟτινος.
2784 1822 2849 1883 et
2888 1815 3017 1882 άπό

629 1948 788 1997 τινος
833 1923 1022 1994 κακόν
1068 1949 1128 1990 τι
1176 1924 1404 2001 λαβεῖν
1449 1922 1612 1989 nihil
1657 1928 1774 1989 est.
1822 1923 2045 2009 Itaque
2088 1924 2507 1990 manifestum
2556 1929 2654 1990 est
2694 1925 3015 2009 scripsisse

629 2030 1001 2099 Platonem:
1073 2028 1424 2096 κινδυνεύσω
1494 2028 1683 2095 κακόν
1753 2052 1813 2095 τι
1878 2030 2108 2109 λαβεῖν
2170 2032 2325 2097 “ΤΠ’
2392 2030 2619 2108 αὐτοῦ,
2690 2036 2761 2095 ut
2806 2034 2903 2095 est
2948 2028 3017 2094 in

631 2137 1014 2223 quibusdam
1058 2137 1242 2204 libris
1264 2184 1278 2200 .
1329 2135 1436 2201 sed
1491 2138 1558 2200 in
1603 2155 1672 2201 re
1720 2140 1889 2202 certa
1937 2135 2104 2202 nihil
2151 2142 2247 2202 est
2292 2136 2603 2203 librorum
2648 2136 3016 2201 testimonio

629 2263 806 2330 opus.
871 2242 1142 2310 Omnem
1205 2239 1578 2328 scrupulum
1643 2240 1879 2307 evellet
1932 2240 2111 2307 loeus
2174 2240 2487 2309 Herodoti
2549 2241 2627 2307 ΙΙ.
2700 2238 2861 2306 1392
2914 2237 3013 2305 ἵνα

629 2346 819 2418 κακόν
881 2375 940 2416 τι
1003 2352 1148 2432 πρὸς
1203 2350 1344 2414 θεῶν
1391 2348 1426 2425 ἢ
1477 2347 1622 2429 πρὸς
1670 2347 1986 2429 άνθρῶπων
2036 2347 2246 2426 λάβοι.
2298 2353 2363 2415 et
2409 2346 2527 2413 VI.
2578 2346 2654 2413 9:
2704 2347 3014 2428 καταρρά-

632 2457 826 2533 δησαν
870 2460 960 2535 μὴ
1011 2494 1094 2507 -
1143 2457 1286 2536 πρὸς
1335 2454 1596 2535 Δαρείου
1645 2453 2061 2522 κινδυνεύσωσι
2108 2454 2296 2521 κακόν
2346 2478 2405 2521 τι
2455 2454 2705 2534 λαβεῖν.
3032 2505 3050 2515 -

721 2564 793 2630 Si
855 2572 998 2650 quis
1059 2566 1226 2630 inter
1270 2562 1616 2650 legendum
1664 2561 1785 2628 hoe
1830 2564 1968 2650 agit
2012 2561 2259 2630 videbit
2306 2564 2663 2628 constanter
2708 2557 2837 2625 dici
2882 2556 3012 2636 ἐξέ-

629 2693 813 2740 πεσον
881 2691 996 2758 pro
1065 2669 1405 2748 ἐξεβλήθην
1475 2674 1541 2734 et
1595 2669 1971 2734 έκπέπτωκα
2035 2690 2149 2755 pro
2211 2667 2655 2746 ἔκβέβλημαι,
2720 2670 2795 2732 ut
2842 2666 3055 2753 apud'

627 2777 971 2844 Isocratem
1013 2797 1160 2864 pag.
1203 2775 1356 2841 356.
1393 2796 1457 2842 ο3
1509 2774 1624 2841 ὑπὸ
1661 2781 1781 2840 τῶν
1820 2773 2150 2854 τριάκοντα
2188 2775 2258 2840 έκ
2298 2761 2669 2848 τῆςπόλεως
2698 2773 3008 2852 ἐξέπεσον.

702 2883 1035 2952 Similiter
1087 2903 1202 2969 pro
1262 2881 1656 2960 μετεβλήθην
1718 2881 2013 2948 dicebant
2071 2880 2449 2960 μετέπεσον,
2514 2901 2626 2968 pro
2676 2882 3007 2960 ένεβλύθην

627 2988 904 3055 ἐνέπεσον
923 3036 942 3068 ,
1004 3009 1117 3075 pro
1177 2986 1648 3068 περιβέβλημαι
1712 2985 2069 3068 περιέπεσον
2132 2993 2198 3053 et
2242 2986 2723 3069 περιπέπτωκα,
2775 2987 3009 3074 quibus

625 3096 920 3162 omnibus
977 3099 1170 3161 ‘'rno
1235 3117 1389 3168 τινος
1451 3094 1709 3159 additur
1765 3099 1843 3159 ut
1906 3095 2119 3161 verbis
2181 3096 2469 3180 passivis.
2566 3094 2736 3175 Quid
2802 3099 3011 3180 potest

626 3191 760 3268 esse
827 3203 1036 3289 magis
1101 3203 1428 3286 passivum
1501 3221 1693 3285 quam
1755 3200 2015 3278 πληγὰς
2075 3201 2303 3278 λαβεῖν
2368 3200 2487 3268 ὑπό
2550 3223 2749 3278 τινος,
2800 3205 3002 3274 κακῶς

623 3307 901 3388 πάσχειν
948 3307 1066 3372 ὑπό
1110 3330 1302 3385 τινος,
1353 3303 1541 3371 κακόν
1575 3329 1635 3370 τι
1673 3308 1902 3382 λαβεῖν
1944 3304 2062 3371 ὑπό
2084 3307 2285 3394 (πρός)
2312 3330 2487 3380 τινος.
2541 3306 3006 3393 Exemplorum

623 3414 859 3499 ubique
927 3434 1164 3502 magna
1233 3419 1327 3479 est
1394 3415 1590 3498 eopia.
1663 3411 1743 3478 of.
1810 3411 2137 3478 Demosth.
2208 3433 2355 3501 pag.
2424 3411 2623 3478 1153.
2693 3414 2827 3493 περὶ
2889 3414 3008 3478 τῶν

623 3527 879 3599 πληγῶν
929 3517 1004 3585 ὦν
1050 3519 1192 3586 τότε
1237 3519 1470 3598 ἔλαβον
1515 3517 1674 3584 “rn'
1728 3519 1942 3584 αὐτοῦ.
1990 3525 2056 3584 et
2102 3541 2248 3607 pag.
2307 3518 2519 3584 1261:
2570 3518 2639 3596 ἐξ
2689 3516 2763 3584 ὧν
2813 3523 3005 3586 ‘THO

625 3625 852 3693 τούτων
898 3627 1127 3705 ἔλαβον
1175 3632 1456 3703 πληγῶν.
1549 3624 1750 3712 Fugit
1796 3629 2010 3690 tamen
2060 3645 2135 3690 ea
2182 3645 2281 3691 res
2328 3627 2692 3692 Atticorum
2729 3627 3011 3692 imitato-

625 3755 763 3811 res,
827 3736 938 3820 qui
995 3736 1224 3804 vitiose
1281 3731 1628 3799 admodum
1691 3732 1952 3810 πληγὰς
2020 3733 2246 3811 λαβεῖν
2311 3743 2537 3798 ΠΑΡΛ
2600 3755 2752 3806 τινος
2803 3733 3009 3798 dicere

624 3845 966 3926 coeperunt
1014 3841 1191 3926 quasi
1240 3844 1447 3906 essent
1493 3840 1652 3903 dona
1697 3844 1763 3904 et
1806 3836 2072 3904 munci-a.
2146 3838 2479 3905 Permulta
2525 3838 2720 3905 huius
2781 3841 3009 3905 erroris

625 3946 916 4032 exempla
961 3945 1190 4034 collegi
1238 3947 1306 4011 in
1365 3943 1424 4010 V
1415 3966 1510 4012 ar.
1561 3945 1744 4028 Lecti.
1796 3965 1942 4032 pag.
1989 3943 2143 4009 342.
2186 3943 2393 4011 veluti
2434 3946 2605 4031 apud
2648 3945 3008 4012 Lueianum
3078 4023 3086 4032 .

627 4051 677 4118 Ῑ.
727 4051 800 4118 23
855 4053 1027 4133 παρὰ
1077 4058 1191 4118 τῶν
1237 4049 1622 4118 διδασκάλων
1669 4051 1929 4130 πληγάς
1978 4048 2359 4128 ἐλάμβανον.

714 4159 793 4224 In
863 4159 1134 4225 dialecto
1202 4158 1415 4224 Ionica
1483 4162 1548 4223 et
1608 4159 1675 4222 in
1736 4156 1963 4244 lingua
2027 4155 2444 4244 Tragieorum
2507 4179 2619 4244 pro
2686 4157 2804 4224 ὑπό
2850 4181 3003 4231 τινος

623 4270 984 4350 promiscue
1043 4269 1387 4351 usurpatur
1432 4263 1578 4345 πρός
1623 4287 1779 4334 τινος
1829 4269 1893 4329 et
1914 4317 1919 4322 .
1940 4261 2009 4328 ἔκ
2056 4288 2233 4336 τινος.
2289 4264 2654 4331 Herodotus
2700 4266 2788 4330 ΙΙ.
2840 4262 3005 4331 1393

625 4366 725 4436 ἵνα
789 4371 977 4438 κακόν
1022 4395 1082 4437 τι
1133 4371 1276 4451 πρὸς
1324 4372 1464 4436 θεῶν
1510 4368 1724 4449 λάβοι.
1773 4369 1824 4436 Ι.
1880 4369 2004 4438 733
2056 4375 2265 4437 ταῦτα
2320 4369 2463 4451 πρὸς
2508 4371 2837 4454 Κυαξάρεω
2884 4395 3005 4436 πα-

627 4475 848 4556 θόντες.
901 4477 1046 4559 III.-
1079 4477 1199 4546 65:
1253 4477 1492 4562 αἰσχρὰ
1539 4477 1681 4560 πρὸς
1730 4477 1850 4541 τῶν
1892 4475 2121 4557 μάγων
2167 4477 2550 4554 πεπονθότος.
2598 4478 2721 4546 ΠΙ.
2752 4477 2869 4546 653
2908 4480 2999 4558 μὴ
