3414 5158
636 374 724 445 '76
1761 396 2001 445 mosao.

645 563 915 651 dig-num
965 566 1248 649 putavit,
1305 564 1361 629 si
1412 562 1660 649 quando
1705 582 1747 628 a
1791 583 1897 627 me
1942 563 2233 646 recessit,
2279 582 2405 628 non
2450 566 2587 627 erat
2633 564 2735 627 sni
2781 562 3031 648 iudicii,

639 670 748 736 sed
811 692 911 735 vos
973 691 1084 755 per
1155 691 1302 735 eum
1361 670 1507 735 odia
1551 668 2003 735 exercebatis.”
2098 667 2275 734 Haec
2320 671 2673 734 necessaria
2718 671 3033 754 oppositio

640 780 1000 845 continetur
1046 779 1381 863 postremis
1431 776 1678 842 verbis:
1734 775 2009 859 „quibus
2056 775 2244 840 rebus
2290 780 2386 840 est
2432 774 2847 859 perfectum”,
2888 775 3030 841 rell.

635 882 782 949 Una
821 881 1259 967 complexione
1299 884 1502 970 igitur
1545 883 1698 947 haec
1744 881 1962 946 omnia
2000 880 2585 965 comprehendenda
2628 889 2812 959 sunt3
2840 882 3037 948 verba

631 990 750 1055 illa
809 990 1186 1073 interposita
1247 989 1531 1054 inferunt
1597 988 2055 1073 oppositionem
2106 989 2322 1050 minus
2368 989 2633 1064 iustam3
2688 1007 2813 1051 non
2859 988 3035 1053 enim

635 1096 1003 1163 Ciceronem
1052 1094 1382 1160 exclusum
1432 1114 1566 1160 esse
1612 1101 1747 1158 erat
1796 1093 2133 1157 dicendum
2154 1142 2173 1175 ‚
2214 1091 2324 1157 sed
2364 1114 2428 1157 eo
2469 1090 2799 1158 exclusum
2822 1142 2840 1176 ,
2880 1094 3042 1179 quod

633 1203 945 1284 Pompeius
991 1202 1090 1264 sui
1136 1201 1261 1283 ipse
1307 1202 1528 1264 oblitus
1575 1207 1751 1270 esset.
1796 1200 1911 1263 alii
1944 1222 2053 1281 per
2090 1222 2221 1263 eum
2257 1210 2521 1280 afferent.
2572 1200 2835 1265 Accedit
2860 1200 3028 1285 quod

633 1308 988 1389 cupiditates
1027 1311 1466 1390 provinciarum
1508 1305 1767 1393 longius
1804 1308 2109 1390 repetitae
2146 1315 2297 1370 sunt
2314 1354 2331 1378 ‚
2378 1326 2579 1390 neque
2604 1307 2777 1371 enim
2802 1303 3023 1372 Cicero

633 1435 672 1479 a
732 1413 1040 1497 Pompeio
1105 1415 1494 1497 provinciam
1562 1413 1839 1496 petebat.
1934 1412 2077 1476 Non
2142 1414 2354 1498 magis
2418 1412 2906 1477 adsciscendum
2954 1432 3037 1477 ex

629 1518 746 1584 illo
809 1518 1242 1584 additamento
1289 1523 1386 1583 est
1433 1537 1638 1582 unum
1683 1520 2021 1604 effecerunt.
2128 1516 2383 1582 Etenim
2439 1537 2664 1603 pamm
2713 1516 3037 1602 probabile

633 1631 730 1691 est
753 1672 768 1701 ,
835 1624 1028 1689 verba
1090 1624 1206 1689 illa
1266 1624 1334 1689 in
1383 1624 1800 1689 deterioribus
1856 1625 2092 1708 partim
2141 1643 2292 1689 vera
2340 1644 2475 1689 esse
2495 1671 2512 1698 ,
2562 1625 2796 1708 partim
2844 1624 3039 1690 inter-

633 1730 866 1815 polata.
960 1727 1324 1795 Verborum
1384 1729 1650 1795 flumine
1712 1731 2011 1813 abreptus
2059 1738 2304 1805 orator,
2357 1729 2511 1795 dum
2563 1727 2815 1817 larg-ius
2861 1730 3040 1797 dolos

633 1835 884 1901 Pisonis
947 1842 1011 1899 et
1077 1832 1342 1901 Gabinii
1406 1837 1664 1918 exponit
1724 1839 1789 1899 et
1848 1832 2047 1899 simul
2102 1833 2411 1919 conplecti
2460 1832 2605 1899 vult
2626 1882 2643 1913 ,
2690 1835 2842 1919 quid
2888 1835 3037 1901 inde

635 1947 1046 2005 consecutum
1107 1943 1228 2016 sit,
1295 1940 1534 2005 excidit
1595 1942 2064 2005 constructione
2128 1942 2464 2013 instituta,
2544 1941 2709 2006 unde
2758 1941 2997 2007 factum
3018 1989 3039 2025 ,

635 2056 710 2110 ut
769 2044 1060 2129 apodosis
1123 2044 1550 2121 desideretur,
1599 2051 1663 2110 et
1712 2044 1874 2110 illud
1922 2046 2091 2131 quod
2140 2045 2431 2130 apodosis
2478 2049 2799 2113 continere
2846 2047 3033 2113 debc-

634 2151 778 2227 bat,
830 2152 1068 2234 protasi
1113 2150 1468 2216 adhaereat.
1561 2150 1717 2217 Post
1761 2173 2022 2215 sermone
2070 2151 2308 2217 excidit
2356 2152 2507 2217 eine.

727 2361 929 2427 Paulo
990 2369 1131 2447 post
1192 2362 1228 2446 ξ
1275 2359 1360 2429 ’77
1407 2363 1696 2446 ineptum
1746 2368 1875 2428 est:
1953 2366 2101 2449 „qui
2151 2384 2369 2430 omnes
2417 2365 2497 2431 ad
2544 2386 2696 2432 eum
2747 2369 3035 2453 multique

635 2468 913 2531 mortales
991 2473 1243 2533 oratum
1313 2470 1383 2532 in
1451 2466 1780 2533 Albanum
1844 2470 2368 2555 obsecratumque
2432 2471 2769 2537 venerant”
2852 2476 3034 2558 quasi

637 2574 868 2660 reliqui
913 2594 1038 2640 non
1083 2577 1212 2640 sint
1257 2571 1576 2640 mortales.
1649 2573 2030 2642 Addehdum
2078 2575 2376 2662 undique:
2434 2577 2793 2663 „multique
2840 2578 3030 2645 undi-

645 2701 768 2767 que
814 2679 947 2745 m.”

728 2787 824 2852 Ib.
897 2807 1001 2871 „se
1063 2794 1279 2852 contra
1326 2794 1644 2853 armatum
1693 2789 2021 2853 tribunum
2070 2789 2276 2874 plebis
2322 2791 2458 2856 sine
2499 2792 2737 2874 publico
2786 2793 3031 2858 consilio

640 2894 957 2960 decertare
1003 2892 1205 2976 nolle,
1253 2894 1360 2956 sed
1395 2891 1763 2958 consulibus
1806 2914 1883 2958 ex
1920 2900 2176 2959 senatus
2216 2894 2503 2962 consulto
2542 2918 2679 2963 rem
2704 2898 3025 2984 publicam

640 2999 1122 3066 defendentibus
1170 3019 1236 3063 se
1285 3019 1462 3064 arma
1509 2997 1973 3082 sumpturum.”

730 3103 904 3169 Olim
953 3105 1150 3168 fuisse
1195 3103 1287 3188 (et
1327 3101 1518 3188 paulo
1561 3103 1819 3188 quidem
1869 3107 2127 3188 rectius)
2179 3105 2349 3172 huno
2400 3108 2685 3173 ordinem
2728 3111 2865 3174 sine
2898 3131 3032 3173 cou-

637 3211 774 3275 silio
811 3209 1052 3292 publico
1101 3208 1300 3274 efficio
1349 3229 1426 3272 ex
1475 3208 1547 3273 Τ.
1602 3209 1875 3275 lectione
1926 3227 2599 3278 morusmcooonsmo
2624 3261 2639 3291 ,
2690 3215 2803 3280 ubi
2850 3217 3027 3280 inifi-

643 3315 764 3381 alis
819 3313 1036 3379 littera
1094 3336 1156 3379 v.
1220 3315 1460 3376 consilii
1519 3317 1808 3398 sequitur
1869 3323 2011 3399 post
2070 3334 2158 3380 m.
2212 3317 2327 3380 Sed
2368 3320 2434 3383 in
2482 3318 2661 3384 nullo
2708 3320 2846 3386 cod.
2898 3325 3025 3406 est,

643 3425 711 3486 in
760 3419 831 3484 Τ.
883 3442 946 3483 se
990 3427 1214 3484 natum
1264 3440 1342 3484 ex
1389 3421 1715 3503 proximo;
1764 3423 2201 3487 coniunctione
2264 3442 2387 3489 non
2450 3444 2608 3508 opus
2672 3430 2787 3489 est.
2886 3425 3028 3503 „Ex

643 3523 760 3592 SC.
812 3544 947 3590 rem
995 3546 1052 3609 p.
1106 3524 1466 3590 defendere”
1509 3524 1584 3588 de
1625 3525 1857 3590 ultimo
1894 3524 2016 3592 SC.
2057 3526 2330 3604 dicitur;
2370 3529 2451 3594 cf.
2496 3528 2665 3595 Phil.
2693 3530 2875 3596 VIII.
2909 3531 3025 3598 14:

648 3630 858 3717 „quod
916 3629 987 3694 L.
1052 3628 1346 3714 Opimius
1405 3629 1627 3695 consul
1690 3630 1881 3696 verba
1943 3633 2094 3697 fecit
2142 3633 2219 3698 de
2264 3655 2331 3699 re
2378 3635 2669 3719 publica,
2717 3636 2795 3702 de
2842 3657 2917 3702 ea
2961 3657 3029 3703 re

642 3740 738 3803 ita
783 3741 1196 3812 censuerunt,
1244 3739 1345 3800 uti
1392 3736 1465 3801 L.
1514 3732 1809 3821 Opimius
1848 3735 2064 3802 consul
2089 3759 2223 3804 rem
2250 3740 2573 3823 publicam
2600 3741 3025 3827 defenderet,”

645 3850 710 3909 et
755 3844 842 3907 ib.
897 3841 1015 3906 15:
1073 3847 1366 3924 „senatus
1411 3863 1547 3907 rem
1589 3842 1914 3928 publicam
1955 3843 2407 3910 defendendam
2450 3847 2625 3913 dedit
2670 3887 2774 3926 —‚
2808 3868 3029 3914 omnes

641 3947 757 4015 illo
826 3948 929 4014 die
997 3947 1248 4022 Scauri,
1323 3947 1605 4026 Metelli,
1681 3947 1975 4026 Claudii,
2049 3946 2299 4030 Catuli,
2374 3949 2752 4039 Scaevolae,
2818 3952 3027 4021 Crassi

645 4075 824 4120 arma
868 4055 1336 4140 sumpserunt.”

731 4266 898 4332 Mira
955 4268 1219 4332 fortasse
1284 4266 1576 4332 videatur
1639 4270 1675 4352 ἓ
1730 4268 1814 4336 ’79
1862 4274 2239 4357 compositio
2288 4275 2666 4340 verborum:
2724 4297 2869 4357 „me
2914 4275 3028 4341 ille

643 4369 928 4451 (Caesar)
990 4376 1092 4437 sui
1158 4375 1356 4437 totius
1419 4373 1783 4439 consulatus
1846 4397 2191 4464 eorumque
2252 4380 2595 4462 honorum,
2662 4401 2818 4465 quos
2880 4403 3027 4446 cum

639 4479 948 4564 proximis
1018 4480 1551 4557 communicavit,
1622 4486 1841 4546 socium
1906 4505 2028 4550 esse
2087 4485 2304 4562 voluit,
2374 4487 2625 4564 detulit,
2703 4487 2985 4554 invitavit
3004 4535 3023 4566 ,
