3414 5158
684 380 824 462 2'22'
1791 408 2077 463 mmm.

682 578 983 644 obsidione
1024 580 1302 644 claudere
1349 584 1651 665 argentea
1694 584 1904 644 aetate
1951 583 2014 643 in
2065 599 2255 644 nsum
2305 580 2516 651 venit:
2571 574 2672 644 Of.
2695 576 2878 664 Virg.
2923 578 3082 641 Aen.

684 683 797 751 ΙΙΙ.
851 685 971 771 52;
1018 684 1251 751 Justin.
1305 684 1517 749 XXII.
1568 686 1646 763 43
1698 684 1900 751 Tacit.
1952 687 2117 749 Ann.
2165 684 2276 750 VI.
2331 682 2454 750 34:
2501 683 2774 749 Orodem
2817 682 3089 749 Pharas-

684 812 907 859 manes
952 813 1138 879 saepe
1184 795 1253 859 in
1301 792 1567 858 modum
1617 792 1850 857 obsidii
1901 792 2282 857 stationibus
2333 792 2656 878 cingebat.

779 1002 949 1069 XIV.
1018 1002 1100 1069 31
1174 1004 1259 1068 ad
1324 1008 1431 1069 hoe
1490 1004 1764 1087 templum
1823 1006 1960 1069 divo
2027 1006 2278 1068 Claudio
2325 1004 2708 1068 coustitutum
2753 1008 2929 1084 qua-ri
2969 1024 3092 1067 arx

687 1119 965 1177 cedmae
1009 1111 1248 1175 domina
1260 1116 1439 1175 tionis
1482 1110 1916 1194 aspiciebatur,
1967 1110 2294 1192 delectique
2337 1111 2670 1175 sacerdotes
2711 1110 2904 1193 speeie
2944 1110 3092 1174 reli-

681 1218 883 1299 ‚offonis
927 1222 1112 1282 omnis
1148 1218 1442 1303 fortunae
1487 1217 2075 1300 effundebant.

778 1324 1005 1409 Inepte
1048 1322 1261 1389 editur
1308 1324 1725 1410 effundebant,
1769 1344 1896 1409 quo
1941 1322 2106 1388 nihil
2145 1320 2494 1410 significari
2531 1326 2741 1407 potest
2779 1323 2907 1387 nisi
2943 1267 3092 1398 hoc,

687 1427 1041 1495 sacerdotes
1088 1448 1235 1493 suas
1274 1447 1425 1513 opes
1463 1428 1828 1516 prodegisse
1869 1435 2059 1514 atque
2101 1428 2504 1513 dilapidasse.
2557 1426 2653 1492 Re
2693 1448 2846 1494 vera
2869 1432 3092 1493 autem

688 1538 953 1601 miseros
1024 1533 1365 1599 Britannos
1434 1534 1614 1599 bonis
1686 1538 2092 1617 everterunt,
2157 1534 2572 1619 quamobrem
2637 1532 3094 1621 corrigendum

688 1643 813 1707 erit
846 1641 1485 1724 pessundabant.

780 1850 954 1919 XIV.
1007 1850 1092 1916 56
1157 1873 1356 1915 verum
1402 1858 1461 1915 et
1505 1850 1620 1914 cibi
1665 1850 1872 1914 valida
1917 1858 2084 1915 aetas
2101 1900 2120 1935 ,
2169 1853 2454 1937 rebusque
2501 1858 2559 1916 et
2595 1853 2848 1937 fructui
2893 1875 3097 1917 rerum

690 1960 1023 2044 eqfficiem,
1072 1970 1132 2023 et
1178 1980 1287 2021 noe
1318 1956 1523 2039 prima
1574 1956 1812 2038 imperii
1857 1957 2058 2039 spatia
2105 1958 2505 2039 inqredimur:
2545 1959 2730 2044 quin,
2766 1959 2824 2021 ei
2861 1980 2982 2044 qua
3025 1960 3095 2022 in

680 2073 865 2151 parte
928 2064 1221 2127 lubricum
1276 2062 1710 2126 adolescentiae
1767 2072 2008 2126 nostrae
2067 2064 2332 2127 declinat
2349 2111 2367 2141 ‚
2415 2086 2654 2129 revocas
2699 2086 2838 2128 orn
2857 2072 3097 2129 atum-

692 2193 731 2254 q
747 2194 790 2234 u
806 2192 837 2234 e
880 2170 1062 2233 robur
1111 2168 1371 2233 esthamo
1416 2171 1724 2250 inpensius
1766 2166 1926 2248 reyis
1941 2168 1978 2231 ?

786 2274 1057 2340 Neronis
1120 2274 1274 2338 haec
1338 2272 1531 2337 verba
1588 2278 1738 2337 sunt
1756 2321 1774 2355 ,
1840 2276 2074 2357 quibus
2133 2273 2435 2340 Senecam
2459 2322 2476 2351 ,
2541 2278 2752 2341 otium
2813 2276 2939 2339 sibi
2985 2296 3096 2360 po-

702 2387 982 2447 scentem
1007 2427 1023 2456 ‚
1073 2379 1393 2444 dehortari
1438 2376 1705 2443 simulat
1752 2379 1830 2443 ab
1879 2378 2026 2444 aula
2071 2381 2377 2447 recedere.
2437 2380 2512 2445 In
2559 2382 2792 2465 quibus
2833 2380 3096 2446 offendit

696 2509 757 2553 v.
822 2496 1099 2550 ornatum
1122 2536 1137 2561 ‚
1212 2484 1381 2571 quod
1448 2489 1521 2549 ut
1567 2483 1887 2569 explicent
1931 2483 2200 2551 editores
2220 2534 2237 2563 ,
2286 2486 2442 2551 haec
2488 2486 2806 2552 Neronem
2861 2486 3098 2551 dixisse

694 2593 1119 2660 contendunt:
1194 2591 1495 2670 „Ornasti
1557 2597 1621 2654 et
1670 2593 2030 2656 instruxisti
2077 2594 2336 2676 optimis
2378 2595 2727 2682 praeceptis
2775 2591 3096 2657 consiliis-

694 2721 817 2785 que
864 2697 1357 2764 adulescentiam
1406 2716 1654 2774 mesm3
1700 2699 1830 2760 iam
1883 2696 2132 2762 adolevi
2187 2698 2453 2784 (robur);
2492 2719 2660 2762 nunc
2699 2700 2908 2785 igitur
2947 2699 3100 2762 sub-

692 2805 856 2871 sidio
902 2810 967 2870 et
1014 2803 1401 2870 adminiculo
1450 2802 1609 2867 mihi
1656 2801 1836 2867 eris''.
1893 2840 1975 2849 -—
2035 2803 2175 2890 Ego
2224 2824 2373 2869 vero
2421 2804 2577 2869 haec
2622 2807 2837 2890 potins
2887 2804 3099 2870 Nero-

692 2932 839 2976 nem
910 2909 1183 2976 officiose
1246 2907 1443 2973 simul
1492 2913 1559 2973 et
1604 2906 1868 2973 subdole
1915 2907 2304 2995 significasse
2349 2910 2686 2975 existimo:
2740 2913 2968 2995 „quia,
3021 2916 3100 2975 ut

693 3017 919 3082 dixisti
987 3017 1097 3100 (cf.
1149 3036 1205 3080 c.
1256 3015 1408 3099 54),
1470 3013 1664 3078 robur
1723 3013 1890 3078 mihi
1953 3021 2269 3100 superest,
2331 3017 2589 3100 imperii
2648 3016 2907 3084 clavum
2957 3019 3100 3102 ipse

692 3127 905 3187 tenere
950 3124 1171 3206 cupi03
1222 3120 1417 3205 probo
1464 3121 1671 3206 igitur
1717 3119 1886 3203 quod
1933 3139 2059 3185 non
2107 3122 2238 3184 ism
2285 3119 2362 3185 ad
2403 3127 2590 3185 tuum
2629 3121 2908 3209 gradum
2947 3143 3097 3186 sum

692 3226 1168 3303 ambulaturus,
1214 3245 1417 3310 neque
1469 3227 1534 3288 in
1588 3225 1882 3290 omnibus
1931 3225 2120 3290 rebus
2165 3226 2449 3291 subsidio
2499 3228 2663 3292 mihi
2713 3231 2860 3294 eris.
2913 3230 3002 3293 At
3039 3231 3100 3294 si

692 3354 731 3399 a
800 3340 971 3398 recta
1032 3335 1141 3398 via
1202 3333 1607 3408 aberraverO,
1687 3331 1946 3396 monitis
2007 3329 2234 3397 saltem
2295 3353 2400 3398 me
2447 3337 2578 3398 tuis
2627 3354 2856 3400 revoca
2903 3340 3100 3420 atque

690 3441 970 3525 corrige,
1020 3437 1211 3522 idque
1256 3457 1331 3502 eo
1378 3438 1617 3501 maiore
1666 3456 1854 3514 cura,
1907 3437 2057 3520 quia
2094 3437 2488 3505 adminiculo
2527 3445 2676 3524 tuo,
2717 3460 2844 3524 quo
2885 3441 3098 3506 adhuc

690 3547 937 3610 innisus
980 3565 1165 3628 sum,
1216 3543 1479 3628 posthac
1524 3541 1804 3607 carebo”.
1841 3579 1918 3590 —
1945 3541 2120 3623 Quas
2169 3565 2368 3629 quum
2409 3548 2504 3610 ita
2543 3548 2674 3610 sint
2697 3595 2713 3622 ,
2740 3545 3096 3634 legendum

689 3657 847 3737 puto
908 3653 1417 3735 orbatumque
1472 3649 1651 3712 robur
1711 3649 1989 3713 subsidio.
2059 3649 2160 3714 Of.
2223 3649 2398 3717 Hist.
2447 3651 2534 3716 II.
2585 3651 2706 3716 28:
2761 3655 2972 3718 orbari
3029 3675 3100 3717 se

688 3759 1181 3824 fortissimorum
1226 3758 1509 3823 virorum
1549 3753 1812 3820 auxilio.
1859 3791 1944 3802 —-
1989 3754 2230 3820 Eodem
2277 3757 2470 3822 modo
2509 3779 2634 3842 quo
2659 3757 2766 3823 hic
2789 3756 3093 3834 Tacitus.

688 3887 889 3946 τερον-ο
942 3883 1057 3947 pro
1114 3867 1446 3943 συνήρα-ε,
1516 3861 1828 3923 admonere
1873 3867 2260 3945 usurparunt
2311 3859 2530 3927 Cicero
2548 3910 2565 3940 ,
2614 3883 2730 3948 pro
2777 3863 3092 3942 Murena,

690 3969 800 4036 29.
868 3967 991 4033 60:
1055 3989 1182 4034 non
1230 3967 1443 4032 multa
1487 3985 1742 4050 peccas,
1795 4012 1810 4028 .
1838 4013 1855 4027 .
1885 4013 1901 4028 .
1949 3965 2059 4031 sed
2105 3987 2359 4052 peccas3
2409 3973 2472 4032 te
2521 3989 2742 4056 regere
2790 3987 3094 4053 possum3

690 4073 871 4142 Caes.
932 4073 1010 4139 B.
1074 4071 1147 4140 G.
1210 4072 1340 4138 III.
1405 4069 1526 4138 57:
1598 4070 1962 4156 Scipionem
2025 4091 2100 4136 ea
2159 4093 2296 4136 esse
2359 4075 2775 4158 auctoritate,
2841 4080 2920 4139 ut
2965 4096 3098 4144 non

688 4181 897 4246 solum
972 4177 1171 4244 libere
1240 4197 1401 4263 quse
1474 4177 1794 4262 probasset
1855 4196 2164 4260 exponere
2185 4227 2200 4252 ‚
2273 4177 2384 4242 sed
2443 4181 2644 4245 etiam
2707 4202 2788 4246 ex
2853 4201 3100 4269 magna

686 4291 867 4372 parte
910 4281 1291 4369 compellere
1335 4289 1525 4367 atque
1574 4285 1886 4347 errantem
1933 4303 2154 4370 reg-ere
2199 4290 2428 4368 posset.
2479 4284 2581 4352 cf.
2631 4286 2802 4352 Plin.
2854 4287 2975 4374 Ep.
3008 4288 3093 4354 X.

692 4388 781 4458 30
826 4403 893 4456 et
941 4388 1091 4456 119.
