3414 5158
1339 422 1344 425 -
1473 393 1716 444 olonae.
2654 374 2784 442 291

396 568 610 647 potuit
655 562 748 627 ita
795 562 1114 627 dominari
1161 563 1316 646 quin
1363 566 1533 627 recte
1594 563 1804 646 primo
1866 562 1996 627 iam
2055 559 2305 626 saeculo
2366 579 2439 626 ac
2500 560 2794 645 deinceps

396 668 610 755 magis
690 668 1028 755 magisque
1110 668 1454 733 scriberent
1525 666 2069 751 quemadmodum
2137 667 2560 751 loquerentur.
2655 666 2794 732 Iam

394 774 805 861 Ancyranum
856 780 1347 841 monumentum
1394 771 1692 858 vacillat,
1743 792 2062 859 quamque
2106 774 2332 839 incerti
2377 772 2793 859 pependerint

395 881 808 969 grammatici
855 882 1104 965 copiose
1157 879 1341 945 docet
1386 876 1815 945 Schneider-us
1860 878 1906 944 l.
1954 877 2001 945 1.
2048 900 2110 965 p.
2161 877 2317 956 612,
2370 900 2499 964 sqq.

487 1090 663 1159 Idem
689 1143 706 1170 ‚
758 1094 926 1179 quod
971 1095 1038 1159 in
1089 1092 1548 1159 assimilatione
1571 1140 1588 1173 ,
1635 1093 1877 1159 factum
1925 1097 2021 1159 est
2065 1093 2133 1157 in
2180 1110 2223 1157 n
2271 1090 2487 1169 finali,
2536 1097 2612 1157 ut
2658 1112 2795 1157 sen-

392 1199 517 1264 sim
582 1199 875 1266 homines
939 1204 1158 1267 contra
1220 1202 1527 1265 rationem
1583 1200 2074 1287 grammaticam
2122 1200 2191 1264 in
2236 1197 2565 1264 scribendo
2608 1217 2793 1264 aures

394 1304 826 1383 consulerent3
881 1313 946 1371 et
991 1308 1270 1391 asperior
1316 1325 1506 1370 sonus
1555 1324 1594 1369 m
1645 1306 1713 1369 in
1761 1303 2173 1391 palimpsesto
2216 1324 2413 1388 paene
2448 1310 2795 1390 perpetuus

395 1418 509 1479 est.
605 1412 702 1477 De
749 1412 1023 1501 Vergilii
1071 1412 1422 1491 codicibus,
1475 1414 1686 1499 magis
1737 1411 2135 1478 variantibus
2183 1410 2260 1477 cf.
2309 1409 2651 1476 Ribbeckii
2696 1414 2795 1475 in-

394 1518 536 1583 dex.
611 1513 859 1585 Oultior
929 1539 1134 1585 sermo
1202 1518 1271 1584 in
1335 1518 1654 1604 plerisque
1716 1519 1926 1582 tenuit
1985 1535 2029 1581 D
2091 1515 2346 1582 finalem
2372 1565 2391 1594 ,
2453 1515 2611 1582 olim
2658 1518 2794 1583 sine

397 1622 590 1689 dubio
636 1642 788 1689 sono
833 1623 1190 1706 diversam,
1238 1644 1571 1709 suppressa
1619 1624 1841 1709 opinor
1885 1646 1917 1687 e
1961 1628 2178 1707 muta,
2227 1644 2431 1709 neque
2477 1626 2649 1688 enim
2697 1625 2793 1688 in·

395 1728 727 1815 tellegitur
772 1728 939 1795 unde
991 1732 1058 1795 in
1107 1729 1389 1797 ablativo
1435 1734 1503 1795 in
1552 1728 1881 1796 vocabulis
1919 1729 2302 1813 quibusdam
2339 1732 2467 1793 iam
2515 1730 2792 1813 antiqui·

395 1841 501 1900 tus
564 1842 922 1901 constanter
966 1854 1010 1900 D
1055 1839 1294 1921 scripta
1342 1842 1539 1922 esset3
1587 1836 1843 1899 meritod
1886 1838 2134 1899 exstitit
2180 1835 2442 1900 fortasse
2488 1856 2566 1901 ex
2612 1837 2789 1901 meri-

393 1941 527 2005 code
585 1940 760 2025 (inde
822 1942 1141 2028 meritod’).
1213 1942 1336 2008 Sed
1400 1949 1473 2008 ut
1537 1938 1607 2005 fit
1667 1944 1737 2005 in
1798 1960 2131 2029 progressu
2198 1938 2461 2027 linguae
2520 1940 2789 2009 celerius

392 2046 858 2131 pronuntiando
905 2048 950 2111 d
993 2048 1293 2113 obduruit
1342 2050 1410 2111 in
1459 2059 1521 2126 t,
1567 2052 1680 2113 aut
1728 2048 1991 2111 evanuit
2041 2048 2133 2131 (in
2181 2045 2483 2113 ablativis
2527 2052 2591 2111 et
2636 2048 2791 2127 ᾖσας

394 2154 545 2216 baut
606 2174 684 2217 ne
747 2155 813 2217 in
876 2152 1110 2219 Plauto
1163 2153 1423 2240 quidem
1490 2161 1666 2219 extra
1716 2152 1985 2218 dubium
2036 2151 2179 2238 est).
2228 2148 2528 2219 Ceterum
2579 2172 2619 2218 ἰ’
2663 2174 2791 2220 non

393 2260 518 2324 nisi
588 2260 824 2325 sensim
887 2257 1327 2349 paulatimque
1393 2258 1642 2345 pepulit
1695 2277 1774 2346 υς
1824 2266 1986 2324 terse
2031 2259 2373 2328 scribentes
2422 2259 2569 2336 diu,
2616 2266 2787 2326 certe

397 2384 596 2449 usque
663 2364 743 2429 ad
805 2386 966 2430 saec.
1021 2364 1063 2428 2
1114 2372 1455 2431 tenuerunt
1500 2364 1809 2432 leniorem
1858 2384 2124 2448 sonum,
2170 2372 2247 2429 ut
2284 2366 2528 2430 factum
2576 2371 2673 2432 est
2718 2370 2788 2431 in

401 2475 817 2535 monumento
883 2473 1218 2557 Ancyrsno
1277 2478 1341 2536 et
1403 2473 1582 2536 Actis
1641 2470 1941 2535 Fratrum
2006 2468 2369 2535 Arvalium.
2436 2470 2633 2538 Recte
2695 2473 2788 2537 ibi

397 2574 514 2653 ad,
561 2576 754 2656 apud,
807 2576 911 2658 id,
961 2576 1099 2653 sed,
1142 2576 1390 2657 aliquod
1431 2578 1688 2656 (vitiose
1728 2574 1930 2641 semel
1968 2596 2080 2660 pro
2104 2577 2336 2660 aliquot
2359 2576 2512 2642 Anc.
2540 2576 2623 2642 II.
2650 2576 2783 2664 25).

397 2681 604 2766 Adque
664 2681 728 2744 in
792 2685 1128 2768 Ancyrano
1189 2689 1253 2747 et
1317 2684 1762 2766 antiquissimo
1831 2702 2079 2766 quoque
2145 2683 2355 2746 codice
2402 2681 2787 2770 etymologis

397 2786 718 2863 adscribo,
771 2787 964 2871 idque
1011 2787 1247 2853 nollem
1297 2790 1366 2852 in
1411 2787 1586 2854 Livii
1628 2787 1698 2852 5·
1738 2787 1968 2853 decade
2006 2793 2069 2852 et
2110 2786 2413 2853 Iuvenale
2438 2795 2787 2873 receptum.

397 2891 702 2977 Reliquas
762 2892 998 2960 formas
1060 2893 1247 2959 hodie
1310 2896 1580 2960 usitatas
1624 2897 1691 2958 in
1738 2911 1782 2958 1>
1829 2895 2263 2978 probaverim,
2312 2894 2673 2960 consimiles
2719 2899 2788 2961 in

398 3017 438 3063 'r
486 2999 749 3066 vitiosas
788 3004 979 3084 puto,
1032 2998 1452 3084 lubenterque
1497 2998 1897 3065 distinxerim
1946 3001 2016 3064 id
2058 3006 2123 3064 et
2169 3001 2251 3078 it,
2302 3000 2458 3084 quod
2500 3005 2565 3065 et
2612 3008 2786 3086 quot,

400 3106 486 3169 ad
519 3111 582 3171 et
620 3113 705 3170 at.
755 3103 880 3171 Sed
921 3111 1180 3191 apparet
1217 3105 1702 3191 palimpsestum
1742 3105 1908 3170 nihil
1942 3109 2010 3171 in
2049 3105 2151 3171 his
2194 3106 2509 3192 peculiare
2531 3107 2784 3186 habere,

399 3213 624 3296 utique
673 3213 1086 3278 recentiorem
1135 3232 1269 3278 esse
1316 3231 1509 3298 quam
1557 3231 1721 3278 saec.
1775 3212 1808 3277 1
1843 3213 1916 3298 ¹).

464 3497 519 3562 1)
555 3497 630 3548 Ab
663 3498 752 3547 hac
785 3498 1154 3564 orthographica
1184 3497 1457 3564 quaestione
1490 3495 1636 3562 probe
1668 3499 1929 3563 separanda
1969 3501 2041 3549 est
2074 3499 2303 3548 historica
2328 3499 2388 3548 de
2418 3499 2589 3549 ultima
2605 3499 2794 3564 origine

395 3577 585 3629 litterae
619 3593 668 3629 n.
706 3579 966 3630 Coroneum
999 3580 1130 3630 nisus
1163 3579 1438 3629 aanscritico
1468 3581 1583 3638 kat,
1621 3585 1644 3629 t
1677 3579 1980 3646 primitivum
2014 3595 2111 3629 esse
2154 3581 2344 3640 statuit.
2380 3581 2493 3630 Non
2526 3597 2670 3645 nego,
2710 3581 2792 3629 sed

397 3675 494 3710 non
542 3661 922 3713 demonstratum
953 3679 1052 3712 esse
1087 3667 1234 3730 puto,
1267 3667 1292 3711 t
1324 3662 1654 3712 sanson-sticum
1694 3677 1793 3711 esso
1827 3661 2129 3728 primitivum
2163 3677 2315 3727 neque
2348 3677 2405 3712 ex
2438 3664 2476 3713 d
2506 3666 2673 3712 natum
2708 3665 2795 3711 aut

395 3759 454 3794 cx
487 3745 664 3796 vitiosa
696 3745 1052 3812 ortbomaphia.

1325 3873 1863 3961 (continuabatur).

1844 4053 1919 4123 0.
1966 4055 2057 4122 M.
2110 4055 2597 4124 FRANOKEN.
