3414 5158
633 337 766 406 394
1691 351 1933 410 (nmo.

625 524 838 592 locum
889 525 1256 608 corruptum
1305 539 1466 598 esse;
1518 519 1747 602 sinyuli
1784 539 1909 586 non
1934 519 2229 608 iungitur
2250 539 2399 585 cum
2424 521 2725 607 genetivo
2749 566 2765 598 ,
2792 521 2861 585 in
2886 539 3013 606 quo

627 636 790 699 esset
835 630 1003 696 idem
1046 649 1250 717 genus
1296 629 1478 704 vitii,
1530 627 1698 712 quod
1744 629 1994 693 notavit
2045 625 2422 714 Madvigius
2460 623 2751 694 Gramm.
2780 625 3006 712 5284,

625 736 710 805 A.
738 737 801 802 6.
855 735 1128 820 Quodsi,
1172 735 1403 801 omisso
1443 737 1572 800 iam
1620 754 1743 798 usu
1788 733 2123 820 loquendi,
2173 735 2772 819 interpretaremur:
2806 754 3010 816 „unus

626 852 691 913 et
737 844 921 927 alter,
975 843 1164 928 pauci
1211 859 1290 907 ex
1337 840 1527 908 viris'’
1577 838 2115 920 „innumerabiles
2160 838 2297 904 illi’'
2344 841 2625 906 universi
2671 859 2799 904 non
2856 842 3013 906 satis

627 950 1058 1017 definirentur.
1120 945 1387 1034 Aliquid
1435 948 1711 1031 excidit,
1759 948 1986 1030 οἰνηραῖς·
2029 968 2109 1013 ex
2152 947 2484 1030 simularie
2522 947 2802 1012 factum:
2853 967 3013 1033 quo-

625 1078 771 1124 rum
837 1054 1183 1144 singulari·
1209 1106 1224 1124 .
1254 1103 1269 1119 .
1300 1102 1315 1119 .
1347 1103 1363 1120 .
1425 1053 1620 1120 saluti
1682 1052 1835 1120 huic
1900 1053 2150 1121 civitati
2198 1052 2490 1119 fuerunt”
2538 1074 2593 1119 e.
2641 1074 2709 1141 g.
2761 1055 3014 1132 „virtus

626 1169 818 1252 atque
855 1160 1280 1250 praestantia’'
1328 1179 1560 1247 „opera
1605 1163 1671 1228 et
1714 1159 1957 1228 labor''.
2028 1147 2123 1228 De
2174 1159 2625 1228 omissionibus
2670 1161 2739 1226 in
2784 1158 3014 1246 palim-

624 1276 835 1360 psesto
882 1290 1074 1357 supra
1119 1271 1459 1336 monitum.

719 1483 784 1551 2.
836 1483 1012 1563 „Nec
1055 1501 1205 1550 vero
1250 1481 1480 1550 habere
1523 1483 1834 1550 virtutem
1885 1481 2041 1547 satis
2088 1485 2184 1546 est
2230 1483 2412 1566 quasi
2459 1483 2663 1547 artem
2706 1479 3014 1568 aliquam,

538 1623 544 1630 ·
625 1592 753 1658 nisi
805 1596 1016 1670 utare;
1065 1591 1188 1656 etsi
1235 1609 1336 1655 ars
1381 1588 1678 1674 quidem,
1727 1609 1878 1654 cum
1924 1607 1999 1654 ea
2043 1606 2169 1653 non
2220 1595 2401 1654 utare
2419 1636 2436 1668 ,
2482 1590 2746 1655 scientia
2797 1593 3018 1654 tamen

625 1701 770 1785 ipsa
815 1700 1014 1764 teneri
1057 1701 1303 1783 potest3
1351 1697 1558 1764 virtus
1603 1697 1670 1761 in
1718 1715 1845 1762 usu
1890 1696 1993 1760 sui
2038 1699 2174 1761 tota
2216 1697 2425 1780 posita
2472 1694 2623 1762 est'’.

719 1805 856 1870 Em
915 1823 1038 1868 usu
1089 1802 1356 1887 rariore,
1406 1803 1516 1868 sed
1561 1807 1733 1868 certo
1785 1802 2022 1869 dicitur
2070 1802 2150 1868 ad
2196 1803 2549 1869 revocanda
2594 1823 2673 1869 ex
2722 1807 2901 1888 parte
2948 1806 3017 1869 et

629 1910 1000 2000 corrigenda
1043 1911 1386 1995 superiora.
1487 1907 1668 1987 „Non
1716 1911 1873 1975 satis
1918 1912 2045 1987 est,
2092 1909 2301 1995 inquit
2316 1956 2335 1988 ‚
2385 1909 2697 1976 virtutem
2744 1909 2977 1976 habere
2996 1957 3016 1990 ‚

631 2037 899 2102 eamque
945 2021 1251 2101 tanquam
1299 2015 1502 2080 telum
1549 2014 1783 2081 inutile
1830 2034 2127 2100 reponere
2170 2016 2239 2080 in
2284 2035 2553 2082 recessu.
2652 2017 3019 2103 Quamquam

635 2144 716 2189 ne
763 2123 957 2188 habes
1003 2121 1261 2206 quidem
1311 2123 1620 2188 virtutem
1639 2167 1656 2197 ,
1704 2119 1830 2186 nisi
1875 2125 2091 2188 utare:
2141 2141 2243 2187 ars
2287 2121 2547 2207 quidem
2594 2125 2855 2190 omnino
2904 2124 3017 2190 ob-

635 2229 828 2294 tineri
871 2231 1106 2314 potest,
1147 2227 1415 2298 ,etiamsi
1463 2247 1588 2292 non
1634 2231 1815 2292 utare
1831 2273 1848 2305 ,
1900 2227 2010 2292 sed
2056 2228 2265 2294 virtus
2309 2230 2378 2293 in
2425 2229 2671 2294 actione
2718 2233 2814 2295 est
2860 2233 3014 2296 tota.

634 2333 807 2422 Ergo
851 2353 932 2399 ne
979 2332 1364 2400 conveniunt
1408 2332 1669 2419 quidem
1717 2353 1796 2398 ex
1843 2334 2018 2399 omni
2064 2334 2306 2419 parte”.
2401 2333 2589 2402 Nihil
2632 2337 2841 2423 igitur
2876 2355 3020 2402 mu-

638 2439 927 2506 tandum.
1022 2435 1157 2506 Sub
1219 2437 1410 2505 finem
1469 2437 1662 2504 huius
1710 2440 2005 2506 sectionis
2049 2438 2432 2506 vocabulum
2479 2441 2861 2529 ambiguum
2907 2463 3021 2530 per

634 2567 703 2615 se
765 2547 1122 2632 disciplina,
1185 2565 1311 2612 non
1360 2545 1594 2612 dicitur
1640 2545 1718 2612 de
1764 2545 2285 2634 philosophorum
2329 2546 2648 2625 doctrina,
2696 2547 2804 2615 sed
2846 2549 3019 2617 vitae

633 2659 731 2721 est
775 2655 940 2720 ratio
957 2698 974 2732 ,
1021 2674 1182 2739 quae
1227 2673 1350 2717 usu
1397 2660 1634 2719 certam
1683 2652 2001 2737 quandam
2047 2654 2325 2719 formam
2362 2653 2575 2721 induit
2597 2654 3017 2723 honestatem·
3103 2734 3110 2741 .

632 2780 753 2847 que
816 2761 1182 2837 constituit;
1251 2779 1326 2825 ea
1395 2760 1720 2843 antiquior
1789 2764 1885 2824 est
1956 2758 2480 2849 philosophorum
2548 2763 2881 2829 sententiis
2951 2766 3021 2829 et

629 2869 999 2957 praeceptis.

723 3080 787 3145 3.
857 3079 1003 3164 „Sic
1063 3099 1202 3158 eos,
1258 3080 1370 3165 qui
1416 3078 1519 3145 his
1556 3079 1823 3151 urbibus
1870 3077 2135 3145 consilio
2181 3084 2373 3167 atque
2420 3083 2797 3149 auctoritate
2840 3102 3015 3169 prae-

630 3192 814 3264 sunt,
877 3186 992 3262 iis,
1066 3187 1178 3271 qui
1222 3186 1432 3251 omnis
1479 3186 1725 3272 negotii
1770 3183 2015 3270 publici
2062 3191 2348 3272 expertes
2392 3199 2535 3253 eunt
2554 3235 2571 3267 ,
2616 3188 2810 3277 longe
2856 3189 3015 3257 duco

629 3292 940 3378 sapientia
985 3293 1126 3376 ipsa
1171 3311 1306 3357 esse
1352 3290 1885 3376 anteponendos”.

719 3398 1224 3464 Inconstantiam
1275 3399 1344 3463 in
1407 3418 1530 3463 usu
1591 3397 1929 3465 modorum
1996 3398 2241 3485 aliquot
2284 3398 2443 3465 locis
2487 3403 2773 3467 statuens
2819 3400 2891 3468 Ο.
2940 3400 3014 3469 F.

628 3502 740 3571 W.
803 3503 1174 3589 Mummius
1235 3504 1660 3571 indicativum
1722 3513 1863 3571 aaut
1920 3526 1959 3571 a
2002 3504 2317 3591 plerisque
2366 3505 2719 3573 editoribus
2762 3509 3019 3572 restitu-

625 3616 771 3677 tum
841 3610 1101 3696 sprevit.
1210 3610 1327 3677 Fet
1391 3630 1542 3677 sane
1609 3605 1870 3677 externa
1938 3611 2247 3695 quaedam
2309 3610 2735 3697 'inaequalitas
2789 3612 3021 3679 multis

626 3717 783 3785 locis
802 3766 824 3804 ‚
867 3737 993 3783 non
1017 3722 1234 3783 tamen
1259 3737 1368 3800 ea,
1409 3722 1484 3781 ut
1506 3721 1794 3783 mutatae
1818 3718 2301 3783 constructionis
2326 3721 2487 3785 ratio
2510 3718 2707 3785 lateat
2724 3740 2741 3798 ;
2777 3739 2938 3804 quae
2960 3721 3019 3785 si

625 3824 805 3891 nulla
864 3825 985 3908 sit,
1047 3822 1416 3889 deserendos
1469 3823 1713 3888 codices
1758 3824 1936 3908 puto.
2027 3822 2197 3890 Nam
2242 3824 2410 3909 quod
2454 3826 2559 3893 vir
2606 3828 3017 3892 acutissimus

625 3930 874 3999 nullam
934 3932 1244 3997 rationem
1305 3951 1442 3996 esse
1503 3932 1838 3997 certiorem
1884 3950 2079 4015 quam
2128 3929 2419 3997 codicum
2468 3936 2655 4017 putat
2700 3930 2853 4017 (vol.
2904 3931 3012 3998 IV.

629 4036 666 4103 l
715 4058 778 4122 p.
829 4035 928 4117 5),
992 4056 1112 4123 ego
1173 4039 1391 4102 contra
1446 4037 1515 4100 in
1575 4035 1678 4101 his
1744 4056 1905 4119 quae
1958 4041 2109 4101 sunt
2154 4044 2293 4128 sust
2340 4042 2407 4103 et
2452 4038 2611 4115 sint,
2660 4044 2747 4103 eet
2792 4036 2901 4123 (et)
2950 4041 3017 4103 et

623 4142 735 4221 sit,
798 4150 884 4207 est
944 4147 1010 4208 et
1070 4148 1220 4207 esset
1281 4140 1555 4208 confusis
1611 4140 1858 4207 nullam
1906 4143 2218 4208 rationem
2267 4144 2669 4209 incertiorem
2716 4142 3012 4209 dixerim.

623 4246 936 4316 Provocat
1005 4252 1222 4315 autem
1287 4248 1366 4313 ad
1427 4246 1571 4314 ND.
1642 4246 1729 4313 48
1798 4268 2001 4334 „quae
2056 4247 2485 4335 pulcherrima
2530 4251 2617 4314 sit
2672 4247 3011 4315 omnium'’

621 4354 731 4427 sed
799 4354 870 4420 id
936 4359 1064 4421 esta
1136 4374 1298 4440 quae
1363 4344 1637 4421 habetur
1701 4374 1855 4421 esse.
1949 4355 2049 4421 Ib.
2104 4352 2229 4420 11¹7
2284 4354 2653 4438 „videmus”
2700 4356 3015 4421 sententia

619 4459 944 4527 diversum
1013 4481 1050 4527 a
1121 4462 1438 4527 videamus.
1533 4460 1623 4527 Ib.
1697 4460 1785 4526 Π.
1860 4458 1901 4525 3
1976 4462 2099 4539 „iis
2147 4460 2225 4527 de
2270 4461 2459 4527 rebus
2485 4462 2797 4549 ⁸agimus,
2848 4480 3011 4545 quae
