3414 5158
1369 369 1769 420 mono-rus.
2294 437 2305 444 ·
2627 353 2755 420 421

370 535 630 600 nomine
673 533 986 602 habemus
1029 539 1248 602 notam
1296 539 1686 603 structuram
1734 533 2203 624 significantem
2254 537 2405 613 δήλη
2458 535 2585 606 ε’ςὶν
2608 533 2759 602 οὖσα

371 639 726 721 περίρρυτος.
824 641 884 708 Ν
889 661 970 707 on
1021 641 1232 718 Africa
1276 645 1475 709 semet
1521 641 1725 727 ipsam
1747 690 1765 727 ‚
1813 641 1924 708 sed
1968 641 2186 709 Necho
2212 642 2456 723 Λιβύην
2494 642 2759 722 ἐδήλωσε

372 747 587 814 ἐοῦσαν
635 749 997 831 περίρρυτον.
2020 755 2031 764 ’

461 959 576 1028 IV.
641 959 727 1026 43
793 965 952 1028 extr.
1015 966 1122 1036 τοῦ
1170 961 1234 1027 δὲ
1293 964 1382 1041 μὴ
1431 968 1817 1044 περιπλῶσαι
1864 961 2108 1040 Λιβύην
2160 961 2512 1034 παντελέως
2560 959 2756 1028 αἴτιον

369 1063 506 1132 τόδε
570 1065 790 1147 ἔλεγε,
855 1067 926 1133 τὸ
997 1075 1207 1135 πλοῖον
1267 1067 1337 1133 τὸ
1383 1067 1580 1149 πρόσω
1629 1069 1681 1133 οἱ
1732 1069 1797 1134 οὗ
1834 1068 2101 1134 -δυνατὸν
2148 1065 2237 1134 ἔτι
2289 1064 2443 1134 εἶναι
2494 1067 2761 1149 προβαί-

318 1260 323 1264 ¹
368 1195 531 1252 uetur
584 1172 767 1241 ἀλλ’
837 1174 1350 1254 ἐνίσχεσθαι.
1444 1173 1743 1240 Similem
1800 1173 2086 1239 fabulam
2140 1174 2218 1239 ab
2284 1173 2512 1239 itinere
2560 1173 2759 1240 redux

367 1299 490 1344 sec.
559 1277 718 1345 XVI
827 1279 1184 1367 Helsingen
1251 1279 1516 1366 quidam
1585 1283 1872 1347 narravit
1941 1281 2083 1366 regi
2143 1279 2469 1347 Danorum
2493 1325 2511 1358 ,
2572 1281 2755 1346 cuius

369 1387 551 1452 iussu
632 1405 796 1454 nave
864 1385 1182 1472 profectus
1267 1385 1476 1452 fuerat
1547 1384 1628 1451 ad
1695 1383 1946 1451 Thulen
2018 1385 2221 1451 denuo
2289 1385 2755 1453 inveniendam.

459 1597 563 1664 IV.
634 1595 740 1663 44.
803 1595 1168 1665 Herodotus
1223 1599 1281 1664 si
1324 1596 1654 1685 Scylacem
1702 1598 1853 1664 fecit
1902 1617 2013 1682 per
2064 1595 2297 1664 Indum
2342 1597 2758 1684 navigantem

369 1705 542 1771 κατὰ
605 1703 708 1770 τὸν
765 1703 1050 1782 ποταμὸν
1099 1705 1282 1785 πρὸς
1333 1705 1426 1779 ἠῶ
1473 1728 1562 1769 τε
1610 1703 1745 1769 καὶ
1799 1703 2029 1780 ἡλίου
2076 1704 2494 1776 ἀνατολὰς
2545 1703 2603 1775 ἐς
2654 1703 2761 1770 θοί-

367 1825 635 1892 λασσαν,
714 1809 813 1877 διὰ
885 1810 1203 1887 θαλάσσης
1277 1809 1338 1876 δὲ
1410 1809 1553 1892 πρὸς
1607 1808 1880 1892 ἕσπέρην,
1947 1809 2126 1877 nullo
2187 1809 2377 1876 modo
2421 1809 2491 1874 in
2537 1808 2759 1876 eodem

367 1921 578 2005 capite
621 1922 906 1984 extremo
967 1920 1238 1985 scribere
1282 1919 1534 2002 potuit:
1580 1913 1743 1982 οὕτω·
1780 1915 1886 1982 καὶ
1936 1925 2049 1992 τῆς
2100 1915 2339 1996 Ἀσίης,
2390 1918 2597 1991 πλὴν
2649 1916 2759 1982 τοὶ

367 2027 559 2106 πρὸς
607 2021 827 2100 ἥλιον
865 2025 1327 2106 ἀνίσχοντα
1368 2024 1454 2089 τοὶ
1493 2020 1670 2089 ἄλλα
1695 2022 2024 2104 ἀνεύρηται
2052 2023 2232 2101 ὁμοῖα
2259 2021 2655 2103 παρεχομένη
2682 2031 2760 2104 τῇ

367 2129 614 2212 Λιβύη,
663 2130 772 2196 sed
821 2135 934 2196 aut
979 2131 1172 2197 verba
1217 2130 1362 2210 πρὸς
1409 2167 1488 2178 -
1539 2127 1858 2203 ἀνατολάς
1906 2129 2123 2214 spuria
2158 2132 2341 2208 sunt,
2386 2135 2499 2195 aut
2522 2129 2762 2195 excidit

365 2243 508 2324 post
554 2257 628 2302 ea
677 2236 869 2304 verba
914 2235 1050 2302 καὶ
1102 2235 1435 2317 ἔπειτεν
1483 2236 1673 2316 πρὸς
1722 2233 2277 2317 μεσαμβρίην.
2370 2235 2590 2300 Etiam
2636 2235 2755 2300 hoc

362 2341 734 2408 incredibile
797 2347 894 2408 est
939 2341 1270 2429 Scylacem
1319 2343 1648 2422 τριηκοστῷ
1697 2341 1960 2406 demum
2007 2341 2156 2419 μηνί
2204 2343 2270 2405 in
2319 2343 2623 2407 intimum
2672 2344 2757 2406 si-

362 2468 522 2515 num
585 2445 940 2513 Arabicum
1003 2449 1381 2533 pervenisse.
1476 2447 1652 2514 Num
1718 2447 1879 2513 forte
1941 2445 2025 2512 H.
2095 2449 2466 2531 scripserat:
2516 2471 2557 2511 τ
2573 2447 2638 2527 ρί
2654 2471 2693 2510 τ
2712 2471 2753 2526 ῳ

365 2551 511 2630 μηνὶ
559 2553 952 2620 ἀπικνέονται
991 2550 1141 2618 xrs?

453 2764 568 2833 IV.
617 2765 726 2835 48.
775 2765 804 2831 ὅ
851 2767 913 2833 δὲ
966 2766 1237 2849 δεύτερος
1284 2764 1533 2849 λεχθεὶς
1585 2764 1978 2852 [Τιραντός].
2071 2763 2230 2832 Dele
2274 2763 2614 2853 glossema.

454 2978 560 3046 IV.
623 2977 712 3045 62
767 2963 912 3046 in'it.
975 2980 1288 3047 ἑκάστοισι
1337 2986 1456 3045 τῶν
1492 2979 1765 3062 ἀρχηίων
1814 2976 2148 3060 ἐΣίδρυταί
2192 2982 2309 3061 σφι
2351 2976 2566 3060 ’Ἄρεος
2612 2977 2749 3059 ίρόν.

363 3085 597 3181 Malim
645 3086 997 3168 ἐΝίδρυται.
1045 3086 1145 3155 Of.
1196 3087 1278 3154 Π.
1328 3084 1480 3154 178.

454 3190 702 3261 Ibidem
766 3194 804 3280 g
864 3192 906 3260 2
969 3194 1073 3260 καὶ
1122 3195 1195 3270 δὴ
1243 3194 1348 3261 καὶ
1399 3191 1691 3261 τοῖσιδ’
1741 3192 1832 3259 ἔτι
1880 3192 2049 3259 πλέω
2096 3190 2295 3258 θύουσι
2347 3192 2381 3268 ἦ
2430 3200 2587 3259 τοῖσι
2636 3190 2753 3259 ἄλ-

361 3313 516 3365 λοισι
597 3301 799 3366 θεοῖσι.
839 3336 844 3341 ·
893 3299 984 3366 Ut
1053 3304 1312 3386 apparet
1373 3320 1408 3364 e
1476 3302 1767 3385 proxime
1834 3300 2222 3386 praegressis
2287 3297 2483 3380 τούτῳ
2533 3336 2616 3347 -
2666 3300 2750 3380 τῷ

361 3403 647 3485 ἀκινάκῃ,
697 3406 850 3471 ferri
893 3408 1116 3491 nequit
1163 3403 1432 3492 pluralis
1477 3406 1787 3483 τοῖσιδ’,
1838 3424 1999 3491 quae
2034 3403 2227 3471 lectio
2264 3406 2594 3490 perperam
2620 3426 2753 3471 cor-

358 3518 530 3575 recta
595 3517 694 3577 est
752 3532 867 3596 pro
929 3510 1240 3577 librorum
1297 3513 1611 3596 scriptura
1670 3509 1938 3587 τοῖσδ’,
1988 3530 2101 3595 pro
2151 3530 2275 3595 qua
2321 3509 2752 3596 reponendum

358 3616 550 3696 τῷδ’.
643 3616 719 3682 In
774 3637 921 3704 cap.
994 3622 1184 3683 extr.·
1226 3620 1460 3683 temere
1529 3614 1761 3685 Coraes
1830 3614 2078 3701 (lettres
2140 3614 2432 3703 ineditos)
2484 3619 2753 3683 coniecit

358 3720 802 3804 ἀπορρέξαντες
868 3743 982 3808 pro
1043 3722 1448 3803 ἀπέρξαντες.
1541 3722 1712 3791 Nam
1775 3720 1956 3804 ἔρδειν
2020 3727 2235 3787 nostro
2279 3724 2608 3807 proprium
2658 3728 2753 3789 est

357 3828 436 3896 de
495 3826 822 3895 sacrificiis
869 3827 986 3914 (IV
1037 3826 1142 3893 60.
1197 3826 1291 3893 IX
1343 3827 1472 3894 103
1499 3829 1588 3913 b),
1639 3827 1957 3915 habetque
2002 3827 2071 3893 id
2118 3828 2388 3895 verbum
2440 3821 2765 3893 aoristum'

355 3932 500 4013 ἔρξαι
518 3982 536 4012 ,
583 3934 854 4000 testibus
901 3932 1055 3999 locis
1100 3934 1158 4000 V
1209 3932 1296 3998 63
1343 3939 1505 3999 extr.
1553 3939 1620 4000 et
1664 3932 1793 4000 VII
1840 3932 1883 3999 8
1902 3982 1917 4012 ‚
1972 3932 2036 4012 ’7,
2074 3954 2189 4000 nec
2212 3931 2301 3999 H.
2326 3934 2537 3999 utitur
2556 3934 2750 4002 verbo

355 4040 695 4108 Homerico
713 4088 731 4119 ,
778 4039 944 4127 quod
988 4045 1084 4108 est
1129 4038 1334 4121 ῥέζειν.

444 4254 554 4321 IV.
605 4253 728 4340 64,
778 4254 841 4321 2.
888 4252 1191 4335 ἀποδείρει
1240 4253 1306 4320 δὲ
1353 4255 1545 4330 αὐτὴν
1593 4255 1709 4341 (sc.
1759 4255 1868 4329 την
1913 4253 2231 4339 κεφαλὴν)
2278 4252 2479 4335 τρόπῳ
2518 4253 2745 4337 τοιῷδε.

352 4363 704 4444 περιταμὼν
769 4361 975 4442 κύκλῳ
1045 4358 1176 4443 περὶ
1245 4360 1332 4427 τα
1395 4358 1524 4427 ὦτα
1578 4362 1680 4427 καὶ
1744 4358 2097 4440 λαβόμενος
2162 4370 2311 4437 τῆς
2359 4365 2744 4442 κεφαλῆς

352 4470 594 4549 ἐκσείει,
641 4462 809 4548 μετὰ
855 4466 920 4533 δὲ
963 4468 1264 4549 σαρκίσας
1308 4466 1454 4546 βοὸς
1503 4476 1736 4549 πλευρῇ
1784 4466 1961 4550 δίψει
2007 4476 2150 4551 τῇσι
2199 4466 2418 4548 χερσί,
2460 4464 2743 4547 ὀργάσας
