3414 5158
601 311 750 413 346'
1329 358 1336 363 ·
1639 362 1957 412 nonnus.

595 530 738 597 coll.
804 541 860 595 A
914 526 1042 595 139
1102 534 1168 594 et
1228 537 1280 593 Τ
1333 524 1487 593 301.
1583 526 2015 612 Imperativus
2079 528 2349 615 denique
2410 535 2507 596 est
2553 530 2939 597 πελάσσετον
2966 576 2985 609 ,

596 646 648 701 Κ
698 635 850 701 442.
923 633 1072 701 Alia
1113 638 1264 699 sunt
1310 632 1389 699 de
1433 634 1669 719 quibus
1719 633 1994 727 dubito,
2028 633 2233 701 veluti
2282 634 2362 702 de
2406 636 2443 702 δ
2488 634 2645 701 274.

685 741 884 808 Venio
943 762 1114 807 nunc
1157 740 1239 806 ad
1286 760 1435 805 eum
1482 738 1699 805 locum
1750 744 2007 825 propter
2050 760 2243 827 quem
2288 741 2445 808 haec
2490 742 2842 829 disputatio
2890 745 2987 809 in-

595 851 828 915 stituta
870 848 1016 914 fuit.
1111 846 1382 934 Legitur
1427 855 1478 911 E
1531 844 1657 911 46:

868 952 972 1018 τὸν
1015 953 1130 1032 μὲν
1177 951 1274 1031 ἄρ’
1320 951 1655 1029 Ἰδομενεὺς
1703 950 2087 1033 δουρικλυτὸς
2136 950 2331 1035 ἔγχεϊ
2371 956 2589 1037 μακρῷ

867 1058 995 1139 νύξ’
1043 1056 1248 1125 ἵππων
1297 1058 1911 1137 ἐπιβησόμενον
1959 1060 2131 1126 κατὰ
2175 1058 2370 1137 δεξιὸν
2416 1056 2617 1141 ὦμον·

872 1165 1046 1246 ἤριπε
1091 1163 1150 1230 3⁹
1199 1163 1270 1240 ἐξ
1313 1163 1528 1244 ὀχέων.

596 1274 794 1341 Recte
863 1272 1140 1339 ostendit
1205 1270 1671 1337 Herwerdenus
1733 1270 2181 1350 ἐπιβησόμενον
2241 1272 2350 1338 hic
2408 1272 2613 1338 futuri
2676 1274 2984 1360 temporis

600 1379 1134 1468 significationem
1197 1398 1324 1445 non
1372 1398 1554 1464 posse
1598 1378 1832 1444 habere
1850 1426 1867 1456 ,
1917 1400 2119 1464 quum
2166 1400 2359 1445 curru
2403 1400 2527 1446 non
2572 1382 2779 1465 possit
2820 1381 2984 1446 exci-

597 1488 775 1565 dere,
821 1490 932 1572 qui
965 1506 1114 1551 eum
1148 1484 1432 1551 nondum
1455 1485 1923 1569 conscenderit,
1950 1485 2167 1571 itaque
2190 1488 2549 1571 suspicatur
2571 1487 2983 1571 participium

596 1614 734 1660 esse
779 1594 1000 1659 aoristi
1048 1590 1412 1669 ἐπεβήσετο.
1483 1590 1681 1657 Recte
1726 1591 1807 1657 ad
1853 1594 2233 1659 sententiam
2254 1639 2269 1665 ‚
2320 1612 2433 1658 nec
2480 1596 2698 1658 tamen
2740 1591 2991 1657 amicus

595 1719 780 1765 meus
838 1699 1096 1765 videtur
1153 1696 1678 1763 animadvertisse
1738 1696 1969 1762 horum
2033 1700 2413 1764 aoristorum
2476 1699 2817 1783 participia
2860 1716 2983 1763 non

595 1806 792 1871 fuisse
853 1806 920 1869 in
969 1825 1110 1870 usu.
1205 1802 1431 1869 Veluti
1477 1801 1925 1882 ἐπιβησόμενος
1972 1810 2144 1869 certo
2192 1806 2427 1869 certius
2475 1804 2679 1869 futuri
2726 1804 2985 1887 partici-

593 1914 778 1997 pium
841 1915 937 1977 est
1001 1920 1062 1975 Ψ
1113 1908 1278 1989 379;
1343 1928 1536 1995 quam
1594 1909 1821 1975 fuisset
1866 1910 2345 1975 incommodum
2398 1910 2604 1975 eidem
2651 1908 2984 1994 participio

596 2020 793 2083 etiam
841 2018 1168 2101 praeteriti
1205 2016 1510 2101 temporis
1549 2013 2079 2101 significationem
2122 2016 2421 2081 tribuere.
2492 2014 2759 2081 Accedit
2780 2011 2991 2079 simil-

598 2121 795 2188 limus
839 2121 1018 2187 locus
1065 2130 1122 2187 Π
1165 2119 1306 2185 343
1328 2168 1344 2200 ,
1392 2120 1508 2185 ubi
1551 2120 1779 2185 itidem
1828 2122 2029 2186 mire:

673 2236 681 2243 ’
872 2226 1173 2307 Μηριόνης
1219 2226 1274 2291 δ’
1321 2225 1709 2303 Ἀκάμαντα
1754 2226 1957 2306 κιχεὶς
2007 2226 2150 2291 ποσὶ
2202 2226 2652 2306 καρπαλίμοισι

871 2332 996 2409 νύξ’
1059 2332 1262 2399 ἵππων
1310 2331 1917 2411 ἐπιβησόμενον
1964 2333 2137 2398 κατὰ
2182 2331 2373 2410 δεξιὸν
2420 2329 2618 2407 ὦμον·

875 2441 1048 2519 ἤριπε
1092 2438 1151 2505 δ’
1203 2439 1270 2517 ἐξ
1315 2438 1524 2519 ὀχέων.

600 2545 802 2635 Fugit
845 2546 1144 2624 Acamas3
1198 2545 1558 2631 insequitur
1596 2544 1915 2612 Meriones
1930 2563 1949 2624 3
1988 2543 2267 2612 Acamas
2304 2565 2565 2612 currum
2586 2544 2977 2622 conscendit3

597 2650 1002 2737 vulneratur3
1053 2651 1292 2717 decidit
1338 2652 1416 2718 de
1463 2672 1685 2716 curru:
1736 2672 1927 2737 quam
1976 2653 2139 2717 mire
2185 2657 2251 2716 et
2290 2649 2587 2737 perplexe
2625 2650 2781 2716 haec
2814 2671 2982 2715 nuno

595 2755 836 2824 Graece
890 2756 1208 2822 dicuntur.
1303 2755 1438 2841 Ipsi
1485 2753 1714 2823 Graeci
1760 2776 1959 2842 quum
2008 2759 2293 2840 primum
2340 2756 2683 2822 audiebant
2726 2756 2982 2841 partici-

593 2865 776 2948 pium
824 2861 1268 2941 ἐπιβησόμενον
1285 2911 1302 2945 ,
1351 2863 1699 2928 neoessario
1746 2863 2133 2948 cogitatione
2170 2861 2623 2929 delabebantur
2659 2861 2740 2927 ad
2778 2862 2983 2926 futuri

593 2971 902 3054 temporie
946 2966 1514 3056 significationem:
1566 2973 1903 3052 postquam
1950 2967 2279 3034 addiderat
2325 2968 2673 3054 rhapsodus
2710 2969 2884 3047 ἤριπε
2922 2965 2979 3032 δ’

591 3072 661 3149 ἐξ
706 3073 898 3154 ὀχέων
918 3121 934 3153 ,
983 3079 1126 3139 tum
1173 3072 1438 3139 demum
1475 3077 1767 3158 poterant
1814 3093 2087 3138 errorem
2128 3093 2483 3161 agnoscere.
2562 3073 2981 3142 Commodius

597 3185 766 3246 certe
810 3181 1112 3245 scribitur
1159 3188 1216 3244 H
1269 3177 1386 3244 15:

958 3283 1214 3364 Ἰφίνοον
1257 3282 1430 3363 βάλε
1478 3282 1632 3365 δουρὶ
1679 3285 1852 3351 κατὰ
1898 3286 2193 3367 κρατερὴν
2242 3286 2495 3364 ὑσμίνην

962 3389 1266 3468 Δεξιάδην
1313 3386 1514 3455 ἵππων
1560 3389 2076 3467 ἐπιάλμενον
2124 3391 2405 3458 ὠκειάων.

594 3497 924 3574 Quomodo
988 3497 1136 3563 hinc
1197 3493 1640 3584 emergemus?
1701 3496 1875 3564 Vera
1938 3499 2253 3583 scriptura
2302 3499 2427 3563 nisi
2473 3497 2662 3564 fallor
2708 3497 2985 3564 eruenda

595 3609 692 3670 est
733 3625 768 3670 e
813 3605 1030 3671 vicino
1072 3603 1212 3670 loco
1257 3612 1310 3668 E
1360 3602 1470 3668 20.
1540 3603 1684 3670 Duo
1733 3609 1883 3670 sunt
1919 3605 2148 3670 fratres
2188 3605 2255 3669 in
2294 3623 2422 3670 uno
2460 3623 2649 3670 curru
2686 3603 2985 3691 Phegeus

594 3714 660 3775 et
706 3709 964 3788 Idaeus;
1017 3708 1209 3774 illum
1255 3708 1597 3776 Diomedes
1641 3707 1977 3788 interficit,
2031 3709 2259 3776 deinde

958 3815 1176 3888 Ἰδαῖος
1223 3814 1278 3880 δ’
1323 3813 1625 3895 ἀπόρουσε
1673 3816 1865 3880 λιπὼν
1912 3813 2299 3895 περικαλλέα
2347 3815 2557 3897 δίφρον

909 3971 916 3976 .
959 3923 1078 3987 οὐδ’
1129 3919 1278 3996 ἔτλη
1325 3919 1652 4001 περιβῆναι
1697 3921 2004 4001 ἀδελφεόο
2056 3921 2404 4000 κταμένοιο.

597 4027 768 4108 Quid
828 4023 950 4092 hio'
997 4022 1251 4092 Zoilus?
1319 4025 1500 4104 λίαν,
1561 4027 1757 4106 Φησὶ,
1821 4027 2075 4105 γελοίως
2130 4026 2459 4102 πεποίηκεν
2505 4025 2535 4091 ὀ
2578 4024 2831 4101 ποιητὴς
2880 4025 2984 4090 τὸν

594 4134 814 4200 Ἰδαῖον
858 4131 1252 4198 ὥπολιπόνπα
1291 4133 1433 4206 τοὺς
1471 4130 1695 4206 ἵππους
1738 4133 1843 4198 καὶ
1885 4135 1957 4200 τὸ
1996 4130 2170 4215 ἅρμα
2210 4131 2477 4214 φεύγειν
2500 4155 2516 4173 ·
2558 4133 2821 4209 ἠδύνατο
2856 4133 2983 4214 γὰρ

594 4243 841 4317 μᾶλλον
890 4240 990 4305 ἐπὶ
1039 4247 1163 4313 τοῖς
1207 4235 1438 4311 ἵπποις.
1536 4239 1680 4306 Non
1721 4244 1909 4305 vacat
1947 4261 2114 4307 nunc
2154 4261 2449 4326 quaerere
2468 4289 2485 4324 ,
2525 4260 2637 4305 cur
2662 4239 2985 4306 Homerus

591 4345 858 4411 Idaeum
925 4347 1484 4430 repraesentaverit
1547 4345 1625 4410 de
1687 4337 1877 4412 curru
1940 4345 2381 4434 desilientem3
2442 4347 2707 4412 fortasse
2768 4349 2984 4431 strage

592 4452 761 4518 facta
803 4457 867 4515 et
905 4452 1290 4540 perturbatis
1328 4451 1656 4518 ordinibus
1695 4471 1821 4517 non
1860 4457 1997 4518 erat
2036 4452 2410 4540 expeditum
2436 4454 2665 4519 ducere
2686 4471 2943 4518 currum
2965 4496 2982 4528 ‚
