<?xml version="1.0" encoding="UTF-8"?>
<!DOCTYPE html PUBLIC "-//W3C//DTD XHTML 1.0 Transitional//EN"
    "http://www.w3.org/TR/xhtml1/DTD/xhtml1-transitional.dtd">
<html xmlns="http://www.w3.org/1999/xhtml" xml:lang="en" lang="en">
 <head>
  <title>
</title>
<meta http-equiv="Content-Type" content="text/html;charset=utf-8" />
  <meta name='ocr-system' content='tesseract 3.04.00' />
  <meta name='ocr-capabilities' content='ocr_page ocr_carea ocr_par ocr_line ocrx_word'/>
</head>
<body>
  <div class='ocr_page' id='page_1' title='image "./mnemosynevolume02verdgoog_0106.png"; bbox 0 0 3414 5158; ppageno 0'>
   <div class='ocr_carea' id='block_1_1' title="bbox 669 392 2053 461">
    <p class='ocr_par' dir='ltr' id='par_1_1' title="bbox 669 392 2053 461">
     <span class='ocr_line' id='line_1_1' title="bbox 669 392 2053 461; baseline 0 -2"><span class='ocrx_word' id='word_1_1' title='bbox 669 392 756 459; x_wconf 87' lang='grc'><strong><em>98</em></strong></span> <span class='ocrx_word' id='word_1_2' title='bbox 1653 412 2053 461; x_wconf 63' lang='lat' dir='ltr'><strong>minema-us.</strong></span> 
     </span>
    </p>
   </div>
   <div class='ocr_carea' id='block_1_2' title="bbox 663 574 3053 877">
    <p class='ocr_par' dir='ltr' id='par_1_2' title="bbox 663 574 3053 877">
     <span class='ocr_line' id='line_1_2' title="bbox 757 574 2721 659; baseline -0.002 -18"><span class='ocrx_word' id='word_1_3' title='bbox 757 576 872 641; x_wconf 90' lang='lat' dir='ltr'><strong><em>IV.</em></strong></span> <span class='ocrx_word' id='word_1_4' title='bbox 929 575 1094 641; x_wconf 88' lang='lat'>103:</span> <span class='ocrx_word' id='word_1_5' title='bbox 1145 574 1604 656; x_wconf 65' lang='grc' dir='ltr'><strong><em>καταρξάμενοι</em></strong></span> <span class='ocrx_word' id='word_1_6' title='bbox 1653 577 1901 659; x_wconf 77' lang='grc' dir='ltr'><strong><em>ῥοπάλῳ</em></strong></span> <span class='ocrx_word' id='word_1_7' title='bbox 1952 577 2199 642; x_wconf 89' lang='grc' dir='ltr'><strong><em>παίουσι</em></strong></span> <span class='ocrx_word' id='word_1_8' title='bbox 2248 577 2358 650; x_wconf 68' lang='grc' dir='ltr'><strong><em>τὴν</em></strong></span> <span class='ocrx_word' id='word_1_9' title='bbox 2412 575 2721 657; x_wconf 73' lang='grc' dir='ltr'><strong><em>κεφαλήν.</em></strong></span> 
     </span>
     <span class='ocr_line' id='line_1_3' title="bbox 757 678 3052 770; baseline -0.002 -23"><span class='ocrx_word' id='word_1_10' title='bbox 757 683 835 747; x_wconf 92' lang='lat' dir='ltr'><strong><em>In</em></strong></span> <span class='ocrx_word' id='word_1_11' title='bbox 881 682 940 747; x_wconf 88' lang='lat' dir='ltr'><strong>R</strong></span> <span class='ocrx_word' id='word_1_12' title='bbox 986 688 1082 749; x_wconf 79' lang='lat' dir='ltr'><strong><em>est</em></strong></span> <span class='ocrx_word' id='word_1_13' title='bbox 1128 681 1575 761; x_wconf 71' lang='grc' dir='ltr'><strong><em>κατευξάμενοι</em></strong></span> <span class='ocrx_word' id='word_1_14' title='bbox 1623 704 1975 770; x_wconf 75' lang='lat' dir='ltr'><strong>perperam.</strong></span> <span class='ocrx_word' id='word_1_15' title='bbox 2023 682 2102 747; x_wconf 89' lang='lat' dir='ltr'><strong><em>In</em></strong></span> <span class='ocrx_word' id='word_1_16' title='bbox 2149 682 2294 748; x_wconf 83' lang='lat' dir='ltr'><strong>aliis</strong></span> <span class='ocrx_word' id='word_1_17' title='bbox 2342 686 2438 747; x_wconf 80' lang='lat' dir='ltr'><strong><em>est</em></strong></span> <span class='ocrx_word' id='word_1_18' title='bbox 2481 678 3010 759; x_wconf 76' lang='grc' dir='ltr'><strong><em>καταρευξάμενοι</em></strong></span> <span class='ocrx_word' id='word_1_19' title='bbox 3034 725 3052 757; x_wconf 89' lang='grc'><strong><em>,</em></strong></span> 
     </span>
     <span class='ocr_line' id='line_1_4' title="bbox 663 784 3053 877; baseline -0.002 -22"><span class='ocrx_word' id='word_1_20' title='bbox 663 794 888 855; x_wconf 84' lang='lat' dir='ltr'><strong>natum</strong></span> <span class='ocrx_word' id='word_1_21' title='bbox 975 812 1054 857; x_wconf 84' lang='lat' dir='ltr'><strong><em>ex</em></strong></span> <span class='ocrx_word' id='word_1_22' title='bbox 1122 784 1624 877; x_wconf 52' lang='grc' dir='ltr'><strong><em>κατ-ἀρξάμενοι,</em></strong></span> <span class='ocrx_word' id='word_1_23' title='bbox 1712 791 1877 857; x_wconf 87' lang='lat' dir='ltr'><strong>unde</strong></span> <span class='ocrx_word' id='word_1_24' title='bbox 1946 789 2302 857; x_wconf 84' lang='lat' dir='ltr'><strong>scribarum</strong></span> <span class='ocrx_word' id='word_1_25' title='bbox 2372 786 2657 855; x_wconf 80' lang='lat' dir='ltr'><strong>sollertia</strong></span> <span class='ocrx_word' id='word_1_26' title='bbox 2722 788 3053 853; x_wconf 78' lang='lat' dir='ltr'><strong>aestimari</strong></span> 
     </span>
    </p>
   </div>
   <div class='ocr_carea' id='block_1_3' title="bbox 663 902 894 983">
    <p class='ocr_par' dir='ltr' id='par_1_3' title="bbox 663 902 894 983">
     <span class='ocr_line' id='line_1_5' title="bbox 663 902 894 983; baseline 0 -20"><span class='ocrx_word' id='word_1_27' title='bbox 663 902 894 983; x_wconf 81' lang='lat' dir='ltr'><strong>potest.</strong></span> 
     </span>
    </p>
   </div>
   <div class='ocr_carea' id='block_1_4' title="bbox 654 1107 3051 2365">
    <p class='ocr_par' dir='ltr' id='par_1_4' title="bbox 660 1107 3050 1512">
     <span class='ocr_line' id='line_1_6' title="bbox 751 1107 3050 1194; baseline -0.003 -16"><span class='ocrx_word' id='word_1_28' title='bbox 751 1112 866 1179; x_wconf 87' lang='lat' dir='ltr'><strong><em>IV.</em></strong></span> <span class='ocrx_word' id='word_1_29' title='bbox 919 1112 1082 1178; x_wconf 87' lang='lat'>106:</span> <span class='ocrx_word' id='word_1_30' title='bbox 1149 1114 1517 1194; x_wconf 75' lang='grc' dir='ltr'><strong><em>ἀγριώτατα</em></strong></span> <span class='ocrx_word' id='word_1_31' title='bbox 1571 1112 1819 1179; x_wconf 83' lang='grc' dir='ltr'><strong><em>πάντων</em></strong></span> <span class='ocrx_word' id='word_1_32' title='bbox 1867 1111 2185 1194; x_wconf 76' lang='grc' dir='ltr'><strong><em>ἀνθρώπων</em></strong></span> <span class='ocrx_word' id='word_1_33' title='bbox 2236 1108 2446 1190; x_wconf 76' lang='grc' dir='ltr'><strong><em>ἔχουσι</em></strong></span> <span class='ocrx_word' id='word_1_34' title='bbox 2496 1110 2645 1186; x_wconf 73' lang='grc' dir='ltr'><strong><em>ἤθεα</em></strong></span> <span class='ocrx_word' id='word_1_35' title='bbox 2694 1107 2835 1174; x_wconf 81' lang='grc' dir='ltr'><strong><em>οὔτε</em></strong></span> <span class='ocrx_word' id='word_1_36' title='bbox 2879 1107 3050 1183; x_wconf 87' lang='grc' dir='ltr'><strong><em>δίκην</em></strong></span> 
     </span>
     <span class='ocr_line' id='line_1_7' title="bbox 663 1216 3048 1303; baseline -0.001 -19"><span class='ocrx_word' id='word_1_37' title='bbox 663 1218 1000 1299; x_wconf 78' lang='grc' dir='ltr'><strong><em>νομίζοντες</em></strong></span> <span class='ocrx_word' id='word_1_38' title='bbox 1063 1220 1202 1287; x_wconf 80' lang='grc' dir='ltr'><strong><em>οὔτε</em></strong></span> <span class='ocrx_word' id='word_1_39' title='bbox 1269 1220 1426 1303; x_wconf 79' lang='grc' dir='ltr'><strong><em>νόμῳ</em></strong></span> <span class='ocrx_word' id='word_1_40' title='bbox 1474 1220 1662 1287; x_wconf 79' lang='grc' dir='ltr'><strong><em>οὐδενὶ</em></strong></span> <span class='ocrx_word' id='word_1_41' title='bbox 1714 1219 2067 1303; x_wconf 80' lang='grc' dir='ltr'><strong><em>χρεώμενοι.</em></strong></span> <span class='ocrx_word' id='word_1_42' title='bbox 2119 1218 2377 1296; x_wconf 83' lang='grc' dir='ltr'><strong><em>νομάδες</em></strong></span> <span class='ocrx_word' id='word_1_43' title='bbox 2427 1216 2492 1283; x_wconf 81' lang='grc' dir='ltr'><strong><em>δέ</em></strong></span> <span class='ocrx_word' id='word_1_44' title='bbox 2541 1217 2656 1281; x_wconf 87' lang='grc' dir='ltr'><strong><em>εἰσι</em></strong></span> <span class='ocrx_word' id='word_1_45' title='bbox 2700 1216 2928 1287; x_wconf 75' lang='grc' dir='ltr'><strong><em>ἕσθῆτά</em></strong></span> <span class='ocrx_word' id='word_1_46' title='bbox 2976 1240 3048 1281; x_wconf 78' lang='grc' dir='ltr'><strong><em>τε</em></strong></span> 
     </span>
     <span class='ocr_line' id='line_1_8' title="bbox 660 1322 3047 1410; baseline -0.002 -19"><span class='ocrx_word' id='word_1_47' title='bbox 660 1326 937 1409; x_wconf 87' lang='grc' dir='ltr'><strong><em>φορέουσι</em></strong></span> <span class='ocrx_word' id='word_1_48' title='bbox 1003 1337 1081 1410; x_wconf 69' lang='grc' dir='ltr'><strong><em>τῇ</em></strong></span> <span class='ocrx_word' id='word_1_49' title='bbox 1146 1328 1410 1410; x_wconf 68' lang='grc' dir='ltr'><strong><em>Σκυθικῇ</em></strong></span> <span class='ocrx_word' id='word_1_50' title='bbox 1458 1329 1701 1407; x_wconf 80' lang='grc' dir='ltr'><strong><em>ὁμοίην,</em></strong></span> <span class='ocrx_word' id='word_1_51' title='bbox 1752 1334 2049 1406; x_wconf 85' lang='grc' dir='ltr'><strong><em>γλῶσσαν</em></strong></span> <span class='ocrx_word' id='word_1_52' title='bbox 2098 1326 2161 1391; x_wconf 75' lang='grc' dir='ltr'><strong><em>δὲ</em></strong></span> <span class='ocrx_word' id='word_1_53' title='bbox 2208 1325 2395 1403; x_wconf 90' lang='grc' dir='ltr'><strong><em>ἰδίην,</em></strong></span> <span class='ocrx_word' id='word_1_54' title='bbox 2447 1322 2934 1405; x_wconf 68' lang='grc' dir='ltr'><strong><em>ἀνδροφαγέουσι</em></strong></span> <span class='ocrx_word' id='word_1_55' title='bbox 2983 1322 3047 1387; x_wconf 81' lang='grc' dir='ltr'><strong><em>δὲ</em></strong></span> 
     </span>
     <span class='ocr_line' id='line_1_9' title="bbox 660 1436 1161 1512; baseline 0.006 -13"><span class='ocrx_word' id='word_1_56' title='bbox 660 1438 865 1512; x_wconf 80' lang='grc' dir='ltr'><strong><em>μοῦνοι</em></strong></span> <span class='ocrx_word' id='word_1_57' title='bbox 914 1436 1161 1502; x_wconf 80' lang='grc' dir='ltr'><strong><em>τούτων.</em></strong></span> 
     </span>
    </p>

    <p class='ocr_par' dir='ltr' id='par_1_5' title="bbox 657 1538 3047 2055">
     <span class='ocr_line' id='line_1_10' title="bbox 749 1538 3045 1626; baseline -0.003 -20"><span class='ocrx_word' id='word_1_58' title='bbox 749 1540 964 1606; x_wconf 85' lang='lat' dir='ltr'><strong>Etiam</strong></span> <span class='ocrx_word' id='word_1_59' title='bbox 1026 1563 1195 1608; x_wconf 87' lang='lat' dir='ltr'><strong>nunc</strong></span> <span class='ocrx_word' id='word_1_60' title='bbox 1255 1541 1523 1609; x_wconf 87' lang='lat' dir='ltr'><strong>mirifice</strong></span> <span class='ocrx_word' id='word_1_61' title='bbox 1585 1542 1735 1609; x_wconf 87' lang='lat' dir='ltr'><strong>ordo</strong></span> <span class='ocrx_word' id='word_1_62' title='bbox 1801 1542 2139 1609; x_wconf 81' lang='lat' dir='ltr'><strong>verborum</strong></span> <span class='ocrx_word' id='word_1_63' title='bbox 2202 1538 2610 1626; x_wconf 82' lang='lat' dir='ltr'><strong>perturbatus</strong></span> <span class='ocrx_word' id='word_1_64' title='bbox 2674 1540 2805 1621; x_wconf 79' lang='lat' dir='ltr'><strong>est,</strong></span> <span class='ocrx_word' id='word_1_65' title='bbox 2852 1556 3045 1621; x_wconf 89' lang='lat' dir='ltr'><strong>quem</strong></span> 
     </span>
     <span class='ocr_line' id='line_1_11' title="bbox 658 1640 3047 1733; baseline -0.003 -20"><span class='ocrx_word' id='word_1_66' title='bbox 658 1650 726 1713; x_wconf 89' lang='lat' dir='ltr'><strong><em>in</em></strong></span> <span class='ocrx_word' id='word_1_67' title='bbox 773 1649 944 1715; x_wconf 87' lang='lat' dir='ltr'><strong>hunc</strong></span> <span class='ocrx_word' id='word_1_68' title='bbox 990 1648 1291 1727; x_wconf 90' lang='lat' dir='ltr'><strong>modum,</strong></span> <span class='ocrx_word' id='word_1_69' title='bbox 1343 1648 1562 1723; x_wconf 88' lang='lat' dir='ltr'><strong>credo,</strong></span> <span class='ocrx_word' id='word_1_70' title='bbox 1611 1650 1855 1733; x_wconf 92' lang='lat' dir='ltr'><strong>optime</strong></span> <span class='ocrx_word' id='word_1_71' title='bbox 1903 1649 2235 1712; x_wconf 76' lang='lat' dir='ltr'><strong>restitues:</strong></span> <span class='ocrx_word' id='word_1_72' title='bbox 2290 1682 2372 1693; x_wconf 90' lang='lat'><strong><em>-—</em></strong></span> <span class='ocrx_word' id='word_1_73' title='bbox 2423 1642 2632 1723; x_wconf 83' lang='grc' dir='ltr'><strong><em>ἔχουσι</em></strong></span> <span class='ocrx_word' id='word_1_74' title='bbox 2676 1642 2862 1721; x_wconf 73' lang='grc' dir='ltr'><strong><em>ἤθεα,</em></strong></span> <span class='ocrx_word' id='word_1_75' title='bbox 2904 1640 3047 1706; x_wconf 83' lang='grc' dir='ltr'><strong><em>οὔτε</em></strong></span> 
     </span>
     <span class='ocr_line' id='line_1_12' title="bbox 658 1749 3043 1837; baseline -0.004 -16"><span class='ocrx_word' id='word_1_76' title='bbox 658 1756 826 1830; x_wconf 89' lang='grc' dir='ltr'><strong><em>δίκην</em></strong></span> <span class='ocrx_word' id='word_1_77' title='bbox 877 1794 959 1805; x_wconf 91' lang='lat'><em>-</em></span> <span class='ocrx_word' id='word_1_78' title='bbox 1007 1755 1372 1837; x_wconf 77' lang='grc' dir='ltr'><strong><em>χρεώμενοι,</em></strong></span> <span class='ocrx_word' id='word_1_79' title='bbox 1423 1762 1723 1833; x_wconf 84' lang='grc' dir='ltr'><strong><em>γλῶσσαν</em></strong></span> <span class='ocrx_word' id='word_1_80' title='bbox 1771 1755 1834 1819; x_wconf 79' lang='grc' dir='ltr'><strong><em>δὲ</em></strong></span> <span class='ocrx_word' id='word_1_81' title='bbox 1883 1753 2055 1828; x_wconf 90' lang='grc' dir='ltr'><strong><em>ἰδίην.</em></strong></span> <span class='ocrx_word' id='word_1_82' title='bbox 2106 1749 2365 1829; x_wconf 82' lang='grc' dir='ltr'><strong><em>νομάδες</em></strong></span> <span class='ocrx_word' id='word_1_83' title='bbox 2415 1750 2479 1817; x_wconf 84' lang='grc' dir='ltr'><strong><em>δέ</em></strong></span> <span class='ocrx_word' id='word_1_84' title='bbox 2529 1750 2644 1813; x_wconf 87' lang='grc' dir='ltr'><strong><em>εἰσι</em></strong></span> <span class='ocrx_word' id='word_1_85' title='bbox 2693 1749 2922 1823; x_wconf 75' lang='grc' dir='ltr'><strong><em>ἐσθῆτα</em></strong></span> <span class='ocrx_word' id='word_1_86' title='bbox 2967 1770 3043 1811; x_wconf 83' lang='grc' dir='ltr'><strong><em>τε</em></strong></span> 
     </span>
     <span class='ocr_line' id='line_1_13' title="bbox 657 1854 3043 1945; baseline -0.003 -19"><span class='ocrx_word' id='word_1_87' title='bbox 657 1901 747 1913; x_wconf 89' lang='grc'><strong>-</strong></span> <span class='ocrx_word' id='word_1_88' title='bbox 793 1862 1035 1941; x_wconf 77' lang='grc' dir='ltr'><strong><em>ὁμοίην,</em></strong></span> <span class='ocrx_word' id='word_1_89' title='bbox 1084 1861 1571 1945; x_wconf 67' lang='grc' dir='ltr'><strong><em>ἀνδροφαγέουσι</em></strong></span> <span class='ocrx_word' id='word_1_90' title='bbox 1621 1862 1749 1926; x_wconf 80' lang='grc' dir='ltr'><strong><em>κτὲ.</em></strong></span> <span class='ocrx_word' id='word_1_91' title='bbox 1794 1860 1903 1926; x_wconf 78' lang='lat' dir='ltr'><strong><em>sed</em></strong></span> <span class='ocrx_word' id='word_1_92' title='bbox 1942 1880 2053 1945; x_wconf 91' lang='lat' dir='ltr'><strong><em>pro</em></strong></span> <span class='ocrx_word' id='word_1_93' title='bbox 2088 1857 2575 1940; x_wconf 71' lang='grc' dir='ltr'><strong><em>ἀνδροφαγέουσι</em></strong></span> <span class='ocrx_word' id='word_1_94' title='bbox 2602 1854 3043 1942; x_wconf 84' lang='lat' dir='ltr'><strong>recipiendum</strong></span> 
     </span>
     <span class='ocr_line' id='line_1_14' title="bbox 657 1965 2356 2055; baseline -0.003 -22"><span class='ocrx_word' id='word_1_95' title='bbox 657 1969 825 2055; x_wconf 89' lang='lat' dir='ltr'><strong>quod</strong></span> <span class='ocrx_word' id='word_1_96' title='bbox 873 1975 968 2033; x_wconf 76' lang='lat' dir='ltr'><strong><em>est</em></strong></span> <span class='ocrx_word' id='word_1_97' title='bbox 1014 1971 1082 2032; x_wconf 90' lang='lat' dir='ltr'><strong><em>in</em></strong></span> <span class='ocrx_word' id='word_1_98' title='bbox 1131 1965 1364 2034; x_wconf 80' lang='lat' dir='ltr'><strong>Codice</strong></span> <span class='ocrx_word' id='word_1_99' title='bbox 1409 1967 1698 2032; x_wconf 85' lang='lat' dir='ltr'><strong>Romano</strong></span> <span class='ocrx_word' id='word_1_100' title='bbox 1748 1966 2356 2045; x_wconf 71' lang='grc' dir='ltr'><strong><em>ἀνδρωποφαγέουσι.</em></strong></span> 
     </span>
    </p>

    <p class='ocr_par' dir='ltr' id='par_1_6' title="bbox 654 2068 3051 2365">
     <span class='ocr_line' id='line_1_15' title="bbox 747 2068 3047 2152; baseline -0.003 -13"><span class='ocrx_word' id='word_1_101' title='bbox 747 2074 947 2140; x_wconf 82' lang='lat' dir='ltr'><strong>Vetus</strong></span> <span class='ocrx_word' id='word_1_102' title='bbox 1009 2079 1106 2140; x_wconf 80' lang='lat' dir='ltr'><strong><em>eet</em></strong></span> <span class='ocrx_word' id='word_1_103' title='bbox 1167 2080 1230 2140; x_wconf 81' lang='lat' dir='ltr'><strong><em>et</em></strong></span> <span class='ocrx_word' id='word_1_104' title='bbox 1283 2073 1703 2139; x_wconf 87' lang='lat' dir='ltr'><strong>Homericum</strong></span> <span class='ocrx_word' id='word_1_105' title='bbox 1770 2072 2161 2152; x_wconf 82' lang='grc' dir='ltr'><strong><em>ἀνδροφάγος</em></strong></span> <span class='ocrx_word' id='word_1_106' title='bbox 2210 2078 2285 2135; x_wconf 89' lang='lat' dir='ltr'><strong><em>ut</em></strong></span> <span class='ocrx_word' id='word_1_107' title='bbox 2332 2072 2400 2134; x_wconf 89' lang='lat' dir='ltr'><strong><em>in</em></strong></span> <span class='ocrx_word' id='word_1_108' title='bbox 2450 2069 2784 2140; x_wconf 81' lang='grc' dir='ltr'><strong><em>Κύκλωπος</em></strong></span> <span class='ocrx_word' id='word_1_109' title='bbox 2834 2068 3047 2148; x_wconf 83' lang='grc' dir='ltr'><strong><em>ἀνδρο-</em></strong></span> 
     </span>
     <span class='ocr_line' id='line_1_16' title="bbox 657 2172 3051 2265; baseline -0.003 -20"><span class='ocrx_word' id='word_1_110' title='bbox 657 2182 890 2262; x_wconf 80' lang='grc' dir='ltr'><strong><em>φάγοιο</em></strong></span> <span class='ocrx_word' id='word_1_111' title='bbox 911 2229 927 2259; x_wconf 91' lang='grc'><strong><em>,</em></strong></span> <span class='ocrx_word' id='word_1_112' title='bbox 974 2186 1160 2247; x_wconf 79' lang='lat' dir='ltr'><strong>vetus</strong></span> <span class='ocrx_word' id='word_1_113' title='bbox 1207 2200 1438 2246; x_wconf 89' lang='lat' dir='ltr'><strong>nomen</strong></span> <span class='ocrx_word' id='word_1_114' title='bbox 1487 2183 1581 2244; x_wconf 81' lang='lat' dir='ltr'><strong><em>est</em></strong></span> <span class='ocrx_word' id='word_1_115' title='bbox 1627 2180 1904 2244; x_wconf 78' lang='lat' dir='ltr'><strong>nationis</strong></span> <span class='ocrx_word' id='word_1_116' title='bbox 1954 2178 2290 2265; x_wconf 77' lang='lat' dir='ltr'><strong>Scythicae</strong></span> <span class='ocrx_word' id='word_1_117' title='bbox 2337 2178 2387 2241; x_wconf 79' lang='grc' dir='ltr'><strong><em>οἰ</em></strong></span> <span class='ocrx_word' id='word_1_118' title='bbox 2427 2177 2871 2259; x_wconf 72' lang='grc' dir='ltr'><strong><em>Ἀνδροφάγοι,</em></strong></span> <span class='ocrx_word' id='word_1_119' title='bbox 2937 2172 3051 2238; x_wconf 81' lang='lat' dir='ltr'><strong><em>sed</em></strong></span> 
     </span>
     <span class='ocr_line' id='line_1_17' title="bbox 654 2284 2877 2365; baseline -0.003 -14"><span class='ocrx_word' id='word_1_120' title='bbox 654 2288 929 2351; x_wconf 72' lang='lat' dir='ltr'><strong><em>humanis</em></strong></span> <span class='ocrx_word' id='word_1_121' title='bbox 975 2287 1252 2351; x_wconf 69' lang='lat' dir='ltr'><strong><em>carnibus</em></strong></span> <span class='ocrx_word' id='word_1_122' title='bbox 1297 2286 1452 2350; x_wconf 71' lang='lat' dir='ltr'><strong>vesci</strong></span> <span class='ocrx_word' id='word_1_123' title='bbox 1497 2286 1575 2352; x_wconf 84' lang='lat' dir='ltr'><strong><em>ab</em></strong></span> <span class='ocrx_word' id='word_1_124' title='bbox 1623 2285 1921 2352; x_wconf 81' lang='lat' dir='ltr'><strong>omnibus</strong></span> <span class='ocrx_word' id='word_1_125' title='bbox 1968 2284 2479 2365; x_wconf 75' lang='grc' dir='ltr'><strong><em>ἀνθρωποφαγεῒν</em></strong></span> <span class='ocrx_word' id='word_1_126' title='bbox 2530 2284 2877 2348; x_wconf 78' lang='lat' dir='ltr'><strong>dicebatur.</strong></span> 
     </span>
    </p>
   </div>
   <div class='ocr_carea' id='block_1_5' title="bbox 661 2494 3047 2779">
    <p class='ocr_par' dir='ltr' id='par_1_7' title="bbox 661 2494 3047 2779">
     <span class='ocr_line' id='line_1_18' title="bbox 746 2494 3047 2584; baseline -0.003 -19"><span class='ocrx_word' id='word_1_127' title='bbox 746 2498 865 2565; x_wconf 90' lang='lat' dir='ltr'><strong><em>IV.</em></strong></span> <span class='ocrx_word' id='word_1_128' title='bbox 922 2498 1086 2565; x_wconf 87' lang='lat'>108:</span> <span class='ocrx_word' id='word_1_129' title='bbox 1139 2538 1212 2548; x_wconf 94' lang='lat'>—</span> <span class='ocrx_word' id='word_1_130' title='bbox 1264 2503 1390 2563; x_wconf 68' lang='grc' dir='ltr'><strong><em>πᾶν</em></strong></span> <span class='ocrx_word' id='word_1_131' title='bbox 1430 2497 1704 2584; x_wconf 80' lang='grc' dir='ltr'><strong><em>ξύλινον,</em></strong></span> <span class='ocrx_word' id='word_1_132' title='bbox 1748 2499 1853 2563; x_wconf 79' lang='grc' dir='ltr'><strong><em>καὶ</em></strong></span> <span class='ocrx_word' id='word_1_133' title='bbox 1896 2500 2077 2564; x_wconf 87' lang='grc' dir='ltr'><strong><em>οἰκίαι</em></strong></span> <span class='ocrx_word' id='word_1_134' title='bbox 2116 2500 2317 2564; x_wconf 79' lang='grc' dir='ltr'><strong><em>αὐτῶν</em></strong></span> <span class='ocrx_word' id='word_1_135' title='bbox 2361 2497 2605 2578; x_wconf 78' lang='grc' dir='ltr'><strong><em>ξύλιναι</em></strong></span> <span class='ocrx_word' id='word_1_136' title='bbox 2646 2496 2751 2562; x_wconf 77' lang='grc' dir='ltr'><strong><em>καὶ</em></strong></span> <span class='ocrx_word' id='word_1_137' title='bbox 2777 2506 2897 2561; x_wconf 83' lang='lat' dir='ltr'><strong><em>TA</em></strong></span> <span class='ocrx_word' id='word_1_138' title='bbox 2922 2494 3047 2575; x_wconf 85' lang='grc' dir='ltr'><strong><em>ἰρά.</em></strong></span> 
     </span>
     <span class='ocr_line' id='line_1_19' title="bbox 748 2604 3047 2692; baseline -0.002 -21"><span class='ocrx_word' id='word_1_139' title='bbox 748 2605 925 2671; x_wconf 87' lang='lat' dir='ltr'><strong>Olim</strong></span> <span class='ocrx_word' id='word_1_140' title='bbox 983 2612 1303 2692; x_wconf 85' lang='lat' dir='ltr'><strong>receptam</strong></span> <span class='ocrx_word' id='word_1_141' title='bbox 1367 2610 1651 2692; x_wconf 88' lang='lat' dir='ltr'><strong>oportuit</strong></span> <span class='ocrx_word' id='word_1_142' title='bbox 1715 2606 1963 2672; x_wconf 83' lang='lat' dir='ltr'><strong>Reiskii</strong></span> <span class='ocrx_word' id='word_1_143' title='bbox 2012 2607 2521 2672; x_wconf 80' lang='lat' dir='ltr'><strong>emendationem</strong></span> <span class='ocrx_word' id='word_1_144' title='bbox 2567 2605 2673 2671; x_wconf 75' lang='grc' dir='ltr'><strong><em>καὶ</em></strong></span> <span class='ocrx_word' id='word_1_145' title='bbox 2724 2615 2810 2669; x_wconf 86' lang='lat' dir='ltr'><strong><em>AI</em></strong></span> <span class='ocrx_word' id='word_1_146' title='bbox 2861 2604 3047 2668; x_wconf 89' lang='grc' dir='ltr'><strong><em>οἰκίαι</em></strong></span> 
     </span>
     <span class='ocr_line' id='line_1_20' title="bbox 661 2715 880 2779; baseline -0.005 -1"><span class='ocrx_word' id='word_1_147' title='bbox 661 2715 880 2779; x_wconf 78' lang='grc' dir='ltr'><strong><em>αὐτῶν.</em></strong></span> 
     </span>
    </p>
   </div>
   <div class='ocr_carea' id='block_1_6' title="bbox 747 2921 3047 3112">
    <p class='ocr_par' dir='ltr' id='par_1_8' title="bbox 747 2921 3047 3112">
     <span class='ocr_line' id='line_1_21' title="bbox 747 2921 3047 3007; baseline -0.003 -13"><span class='ocrx_word' id='word_1_148' title='bbox 747 2927 859 2994; x_wconf 91' lang='lat' dir='ltr'><strong><em>IV.</em></strong></span> <span class='ocrx_word' id='word_1_149' title='bbox 913 2927 1076 2994; x_wconf 84' lang='lat'>112:</span> <span class='ocrx_word' id='word_1_150' title='bbox 1141 2923 1310 3007; x_wconf 77' lang='grc' dir='ltr'><strong><em>εἶχον</em></strong></span> <span class='ocrx_word' id='word_1_151' title='bbox 1369 2927 1432 2993; x_wconf 75' lang='grc' dir='ltr'><strong><em>δὲ</em></strong></span> <span class='ocrx_word' id='word_1_152' title='bbox 1481 2925 1645 2990; x_wconf 75' lang='grc' dir='ltr'><strong><em>οὐδὲν</em></strong></span> <span class='ocrx_word' id='word_1_153' title='bbox 1695 2926 1827 2990; x_wconf 75' lang='grc' dir='ltr'><strong><em>οὐδὲ</em></strong></span> <span class='ocrx_word' id='word_1_154' title='bbox 1877 2926 1929 2990; x_wconf 76' lang='grc' dir='ltr'><strong><em>οἱ</em></strong></span> <span class='ocrx_word' id='word_1_155' title='bbox 1978 2927 2265 2999; x_wconf 81' lang='grc' dir='ltr'><strong><em>νεηνίσκοι</em></strong></span> <span class='ocrx_word' id='word_1_156' title='bbox 2316 2921 2513 3004; x_wconf 71' lang='grc' dir='ltr'><strong><em>ὥσπερ</em></strong></span> <span class='ocrx_word' id='word_1_157' title='bbox 2562 2927 2629 2989; x_wconf 85' lang='grc' dir='ltr'><strong><em>αἰ</em></strong></span> <span class='ocrx_word' id='word_1_158' title='bbox 2676 2922 3047 3003; x_wconf 79' lang='grc' dir='ltr'><strong><em>Ἀμαζόνες.</em></strong></span> 
     </span>
     <span class='ocr_line' id='line_1_22' title="bbox 747 3028 2629 3112; baseline -0.003 -12"><span class='ocrx_word' id='word_1_159' title='bbox 747 3035 1006 3100; x_wconf 81' lang='lat' dir='ltr'><strong>Eximia</strong></span> <span class='ocrx_word' id='word_1_160' title='bbox 1047 3035 1239 3101; x_wconf 82' lang='lat' dir='ltr'><strong>lectio</strong></span> <span class='ocrx_word' id='word_1_161' title='bbox 1288 3038 1384 3098; x_wconf 82' lang='lat' dir='ltr'><strong><em>est</em></strong></span> <span class='ocrx_word' id='word_1_162' title='bbox 1432 3034 1498 3097; x_wconf 88' lang='lat' dir='ltr'><strong><em>in</em></strong></span> <span class='ocrx_word' id='word_1_163' title='bbox 1545 3031 1620 3096; x_wconf 84' lang='lat' dir='ltr'><strong><em>R.</em></strong></span> <span class='ocrx_word' id='word_1_164' title='bbox 1671 3030 1869 3111; x_wconf 72' lang='grc' dir='ltr'><strong><em>ὥσπερ</em></strong></span> <span class='ocrx_word' id='word_1_165' title='bbox 1920 3032 2094 3096; x_wconf 79' lang='grc' dir='ltr'><strong><em>οὐδὲ</em></strong></span> <span class='ocrx_word' id='word_1_166' title='bbox 2148 3032 2215 3094; x_wconf 85' lang='grc' dir='ltr'><strong><em>αἰ</em></strong></span> <span class='ocrx_word' id='word_1_167' title='bbox 2267 3028 2629 3112; x_wconf 82' lang='grc' dir='ltr'><strong><em>Ἀμαζόνες.</em></strong></span> 
     </span>
    </p>
   </div>
   <div class='ocr_carea' id='block_1_7' title="bbox 748 3239 3044 3326">
    <p class='ocr_par' dir='ltr' id='par_1_9' title="bbox 748 3239 3044 3326">
     <span class='ocr_line' id='line_1_23' title="bbox 748 3239 3044 3326; baseline -0.003 -13"><span class='ocrx_word' id='word_1_168' title='bbox 748 3246 856 3313; x_wconf 91' lang='lat' dir='ltr'><strong><em>IV.</em></strong></span> <span class='ocrx_word' id='word_1_169' title='bbox 910 3246 1072 3312; x_wconf 88' lang='lat'>114:</span> <span class='ocrx_word' id='word_1_170' title='bbox 1134 3248 1184 3311; x_wconf 94' lang='grc' dir='ltr'><strong><em>εἰ</em></strong></span> <span class='ocrx_word' id='word_1_171' title='bbox 1250 3245 1550 3323; x_wconf 76' lang='grc' dir='ltr'><strong><em>βούλεσθε</em></strong></span> <span class='ocrx_word' id='word_1_172' title='bbox 1611 3252 1918 3323; x_wconf 78' lang='grc' dir='ltr'><strong><em>γυναῖκας</em></strong></span> <span class='ocrx_word' id='word_1_173' title='bbox 1986 3241 2154 3326; x_wconf 82' lang='grc' dir='ltr'><strong><em>ἔχειν</em></strong></span> <span class='ocrx_word' id='word_1_174' title='bbox 2219 3243 2416 3322; x_wconf 74' lang='grc' dir='ltr'><strong><em>ἡμέας</em></strong></span> <span class='ocrx_word' id='word_1_175' title='bbox 2468 3244 2569 3308; x_wconf 79' lang='grc' dir='ltr'><strong><em>καὶ</em></strong></span> <span class='ocrx_word' id='word_1_176' title='bbox 2619 3241 2841 3308; x_wconf 83' lang='grc' dir='ltr'><strong><em>δοκέειν</em></strong></span> <span class='ocrx_word' id='word_1_177' title='bbox 2888 3239 3044 3309; x_wconf 76' lang='grc' dir='ltr'><strong><em>εἶναι</em></strong></span> 
     </span>
    </p>
   </div>
   <div class='ocr_carea' id='block_1_8' title="bbox 658 3354 3046 3546">
    <p class='ocr_par' dir='ltr' id='par_1_10' title="bbox 658 3354 3046 3546">
     <span class='ocr_line' id='line_1_24' title="bbox 658 3354 3046 3546; baseline -0.003 -18"><span class='ocrx_word' id='word_1_178' title='bbox 658 3354 962 3528; x_wconf 41' lang='lat' dir='ltr'><strong><em>”flagito</em></strong></span> <span class='ocrx_word' id='word_1_179' title='bbox 1031 3459 1264 3525; x_wconf 79' lang='lat' dir='ltr'><strong>melius</strong></span> <span class='ocrx_word' id='word_1_180' title='bbox 1331 3461 1413 3527; x_wconf 82' lang='lat' dir='ltr'><strong><em>R.</em></strong></span> <span class='ocrx_word' id='word_1_181' title='bbox 1485 3455 1641 3524; x_wconf 79' lang='grc' dir='ltr'><strong><em>εἶναι</em></strong></span> <span class='ocrx_word' id='word_1_182' title='bbox 1715 3457 2130 3543; x_wconf 78' lang='grc' dir='ltr'><strong><em>δικαιότατοι,</em></strong></span> <span class='ocrx_word' id='word_1_183' title='bbox 2200 3478 2361 3543; x_wconf 86' lang='lat' dir='ltr'><strong>quae</strong></span> <span class='ocrx_word' id='word_1_184' title='bbox 2425 3458 2658 3525; x_wconf 85' lang='lat' dir='ltr'><strong>blanda</strong></span> <span class='ocrx_word' id='word_1_185' title='bbox 2722 3460 2931 3546; x_wconf 83' lang='lat' dir='ltr'><strong>magis</strong></span> <span class='ocrx_word' id='word_1_186' title='bbox 2978 3461 3046 3522; x_wconf 90' lang='lat' dir='ltr'><strong><em>et</em></strong></span> 
     </span>
    </p>
   </div>
   <div class='ocr_carea' id='block_1_9' title="bbox 657 3567 1406 3634">
    <p class='ocr_par' dir='ltr' id='par_1_11' title="bbox 657 3567 1406 3634">
     <span class='ocr_line' id='line_1_25' title="bbox 657 3567 1406 3634; baseline -0.005 -1"><span class='ocrx_word' id='word_1_187' title='bbox 657 3567 993 3634; x_wconf 80' lang='lat' dir='ltr'><strong>muliebris</strong></span> <span class='ocrx_word' id='word_1_188' title='bbox 1041 3568 1241 3632; x_wconf 84' lang='lat' dir='ltr'><strong>oratio</strong></span> <span class='ocrx_word' id='word_1_189' title='bbox 1289 3569 1406 3632; x_wconf 78' lang='lat' dir='ltr'><strong>est.</strong></span> 
     </span>
    </p>
   </div>
   <div class='ocr_carea' id='block_1_10' title="bbox 657 3777 3043 3973">
    <p class='ocr_par' dir='ltr' id='par_1_12' title="bbox 657 3777 3043 3973">
     <span class='ocr_line' id='line_1_26' title="bbox 747 3777 3043 3866; baseline -0.003 -18"><span class='ocrx_word' id='word_1_190' title='bbox 747 3782 859 3849; x_wconf 87' lang='lat' dir='ltr'><strong><em>IV.</em></strong></span> <span class='ocrx_word' id='word_1_191' title='bbox 915 3782 1078 3848; x_wconf 83' lang='lat'>110:</span> <span class='ocrx_word' id='word_1_192' title='bbox 1149 3782 1243 3864; x_wconf 82' lang='grc' dir='ltr'><strong><em>(αἰ</em></strong></span> <span class='ocrx_word' id='word_1_193' title='bbox 1307 3777 1676 3866; x_wconf 74' lang='grc' dir='ltr'><strong><em>Ἀμαζόνες)</em></strong></span> <span class='ocrx_word' id='word_1_194' title='bbox 1740 3777 2128 3843; x_wconf 77' lang='grc' dir='ltr'><strong><em>ἀπικνέονται</em></strong></span> <span class='ocrx_word' id='word_1_195' title='bbox 2180 3815 2265 3827; x_wconf 93' lang='grc'>-</span> <span class='ocrx_word' id='word_1_196' title='bbox 2314 3778 2414 3842; x_wconf 76' lang='grc' dir='ltr'><strong><em>ἐπὶ</em></strong></span> <span class='ocrx_word' id='word_1_197' title='bbox 2480 3779 2811 3859; x_wconf 85' lang='grc' dir='ltr'><strong><em>Κρημνούς.</em></strong></span> <span class='ocrx_word' id='word_1_198' title='bbox 2878 3780 2929 3842; x_wconf 88' lang='grc' dir='ltr'><strong><em>οἰ</em></strong></span> <span class='ocrx_word' id='word_1_199' title='bbox 2977 3779 3043 3843; x_wconf 79' lang='grc' dir='ltr'><strong><em>δὲ</em></strong></span> 
     </span>
     <span class='ocr_line' id='line_1_27' title="bbox 657 3882 3040 3973; baseline -0.003 -17"><span class='ocrx_word' id='word_1_200' title='bbox 657 3889 916 3973; x_wconf 76' lang='grc' dir='ltr'><strong><em>Κρημνοὶ</em></strong></span> <span class='ocrx_word' id='word_1_201' title='bbox 981 3889 1094 3955; x_wconf 74' lang='grc' dir='ltr'><strong><em>εἰσὶ</em></strong></span> <span class='ocrx_word' id='word_1_202' title='bbox 1152 3897 1272 3968; x_wconf 68' lang='grc' dir='ltr'><strong><em>γῆς</em></strong></span> <span class='ocrx_word' id='word_1_203' title='bbox 1335 3895 1447 3963; x_wconf 71' lang='grc' dir='ltr'><strong><em>τῆς</em></strong></span> <span class='ocrx_word' id='word_1_204' title='bbox 1509 3885 1784 3952; x_wconf 83' lang='grc' dir='ltr'><strong><em>Σκυθέων</em></strong></span> <span class='ocrx_word' id='word_1_205' title='bbox 1842 3891 1957 3950; x_wconf 80' lang='grc' dir='ltr'><strong><em>τῶν</em></strong></span> <span class='ocrx_word' id='word_1_206' title='bbox 2005 3885 2341 3965; x_wconf 78' lang='grc' dir='ltr'><strong><em>ἐλευθέρων.</em></strong></span> <span class='ocrx_word' id='word_1_207' title='bbox 2396 3886 2659 3950; x_wconf 80' lang='grc' dir='ltr'><strong><em>ἐνθαῦτα</em></strong></span> <span class='ocrx_word' id='word_1_208' title='bbox 2707 3882 3040 3964; x_wconf 70' lang='grc' dir='ltr'><strong><em>ἀποβᾶσαι</em></strong></span> 
     </span>
    </p>
   </div>
   <div class='ocr_carea' id='block_1_11' title="bbox 656 3990 3037 4185">
    <p class='ocr_par' dir='ltr' id='par_1_13' title="bbox 656 3990 3037 4185">
     <span class='ocr_line' id='line_1_28' title="bbox 656 3990 2200 4080; baseline -0.003 -19"><span class='ocrx_word' id='word_1_209' title='bbox 656 3998 780 4063; x_wconf 86' lang='grc' dir='ltr'><strong><em>ἀπὸ</em></strong></span> <span class='ocrx_word' id='word_1_210' title='bbox 830 4003 946 4062; x_wconf 83' lang='grc' dir='ltr'><strong><em>τῶν</em></strong></span> <span class='ocrx_word' id='word_1_211' title='bbox 994 3996 1218 4061; x_wconf 80' lang='grc' dir='ltr'><strong><em>πλοίων</em></strong></span> <span class='ocrx_word' id='word_1_212' title='bbox 1271 3995 1367 4080; x_wconf 85' lang='grc' dir='ltr'><strong><em>[αἰ</em></strong></span> <span class='ocrx_word' id='word_1_213' title='bbox 1421 3991 1802 4078; x_wconf 77' lang='grc' dir='ltr'><strong><em>Ἀμαζόνες]</em></strong></span> <span class='ocrx_word' id='word_1_214' title='bbox 1854 3990 2200 4070; x_wconf 77' lang='grc' dir='ltr'><strong><em>ὁδοιπόρεον.</em></strong></span> 
     </span>
     <span class='ocr_line' id='line_1_29' title="bbox 747 4096 3037 4185; baseline -0.003 -17"><span class='ocrx_word' id='word_1_215' title='bbox 747 4102 917 4179; x_wconf 82' lang='lat' dir='ltr'><strong>Quia</strong></span> <span class='ocrx_word' id='word_1_216' title='bbox 973 4103 1166 4168; x_wconf 85' lang='lat' dir='ltr'><strong>Verba</strong></span> <span class='ocrx_word' id='word_1_217' title='bbox 1227 4101 1276 4165; x_wconf 85' lang='grc' dir='ltr'><strong><em>οἰ</em></strong></span> <span class='ocrx_word' id='word_1_218' title='bbox 1342 4099 1405 4164; x_wconf 76' lang='grc' dir='ltr'><strong><em>δὲ</em></strong></span> <span class='ocrx_word' id='word_1_219' title='bbox 1469 4098 1732 4180; x_wconf 76' lang='grc' dir='ltr'><strong><em>Κρημνοὶ</em></strong></span> <span class='ocrx_word' id='word_1_220' title='bbox 1789 4136 1870 4147; x_wconf 91' lang='grc'>-</span> <span class='ocrx_word' id='word_1_221' title='bbox 1920 4105 2037 4163; x_wconf 81' lang='grc' dir='ltr'><strong><em>τῶν</em></strong></span> <span class='ocrx_word' id='word_1_222' title='bbox 2102 4096 2417 4178; x_wconf 76' lang='grc' dir='ltr'><strong><em>ἐλευθέρων</em></strong></span> <span class='ocrx_word' id='word_1_223' title='bbox 2482 4100 2689 4185; x_wconf 80' lang='lat' dir='ltr'><strong>posita</strong></span> <span class='ocrx_word' id='word_1_224' title='bbox 2736 4103 2886 4164; x_wconf 79' lang='lat' dir='ltr'><strong>sunt</strong></span> <span class='ocrx_word' id='word_1_225' title='bbox 2933 4097 3037 4163; x_wconf 72' lang='grc' dir='ltr'><strong><em>διὰ</em></strong></span> 
     </span>
    </p>
   </div>
   <div class='ocr_carea' id='block_1_12' title="bbox 655 4203 2679 4294">
    <p class='ocr_par' dir='ltr' id='par_1_14' title="bbox 655 4203 2679 4294">
     <span class='ocr_line' id='line_1_30' title="bbox 655 4203 2679 4294; baseline -0.002 -20"><span class='ocrx_word' id='word_1_226' title='bbox 655 4209 880 4288; x_wconf 82' lang='grc' dir='ltr'><strong><em>μέσου,</em></strong></span> <span class='ocrx_word' id='word_1_227' title='bbox 929 4211 1189 4294; x_wconf 89' lang='lat' dir='ltr'><strong>apparet</strong></span> <span class='ocrx_word' id='word_1_228' title='bbox 1232 4205 1472 4271; x_wconf 82' lang='lat' dir='ltr'><strong>insulse</strong></span> <span class='ocrx_word' id='word_1_229' title='bbox 1520 4205 1967 4288; x_wconf 83' lang='lat' dir='ltr'><strong>interpositum</strong></span> <span class='ocrx_word' id='word_1_230' title='bbox 2018 4225 2151 4270; x_wconf 77' lang='lat' dir='ltr'><strong>esse</strong></span> <span class='ocrx_word' id='word_1_231' title='bbox 2199 4206 2264 4270; x_wconf 80' lang='grc' dir='ltr'><strong><em>αἰ</em></strong></span> <span class='ocrx_word' id='word_1_232' title='bbox 2315 4203 2679 4283; x_wconf 83' lang='grc' dir='ltr'><strong><em>Ἀμαζόνες.</em></strong></span> 
     </span>
    </p>
   </div>
   <div class='ocr_carea' id='block_1_13' title="bbox 746 4415 3038 4612">
    <p class='ocr_par' dir='ltr' id='par_1_15' title="bbox 746 4415 3038 4612">
     <span class='ocr_line' id='line_1_31' title="bbox 747 4415 2701 4504; baseline 0 -20"><span class='ocrx_word' id='word_1_233' title='bbox 747 4419 859 4486; x_wconf 86' lang='lat' dir='ltr'><strong><em>IV.</em></strong></span> <span class='ocrx_word' id='word_1_234' title='bbox 913 4419 1078 4486; x_wconf 83' lang='lat'>115:</span> <span class='ocrx_word' id='word_1_235' title='bbox 1127 4418 1430 4484; x_wconf 75' lang='grc' dir='ltr'><strong><em>ἐπείθοντο</em></strong></span> <span class='ocrx_word' id='word_1_236' title='bbox 1481 4417 1610 4504; x_wconf 83' lang='grc' dir='ltr'><strong><em>[καί</em></strong></span> <span class='ocrx_word' id='word_1_237' title='bbox 1662 4415 1985 4501; x_wconf 78' lang='grc' dir='ltr'><strong><em>ἐποίησαν]</em></strong></span> <span class='ocrx_word' id='word_1_238' title='bbox 2034 4423 2243 4484; x_wconf 82' lang='grc' dir='ltr'><strong><em>ταῦτα</em></strong></span> <span class='ocrx_word' id='word_1_239' title='bbox 2289 4421 2341 4483; x_wconf 90' lang='grc' dir='ltr'><strong><em>οἰ</em></strong></span> <span class='ocrx_word' id='word_1_240' title='bbox 2392 4420 2701 4494; x_wconf 88' lang='grc' dir='ltr'><strong><em>νεηνίσκοι.</em></strong></span> 
     </span>
     <span class='ocr_line' id='line_1_32' title="bbox 746 4524 3038 4612; baseline -0.001 -21"><span class='ocrx_word' id='word_1_241' title='bbox 746 4524 1130 4592; x_wconf 82' lang='lat' dir='ltr'><strong>Tollendum</strong></span> <span class='ocrx_word' id='word_1_242' title='bbox 1190 4546 1322 4592; x_wconf 78' lang='lat' dir='ltr'><strong>esse</strong></span> <span class='ocrx_word' id='word_1_243' title='bbox 1369 4524 1682 4612; x_wconf 84' lang='lat' dir='ltr'><strong>frigidum</strong></span> <span class='ocrx_word' id='word_1_244' title='bbox 1724 4524 2236 4591; x_wconf 85' lang='lat' dir='ltr'><strong>additamentum</strong></span> <span class='ocrx_word' id='word_1_245' title='bbox 2284 4525 2562 4591; x_wconf 87' lang='lat' dir='ltr'><strong>declarat</strong></span> <span class='ocrx_word' id='word_1_246' title='bbox 2606 4525 2783 4591; x_wconf 82' lang='lat' dir='ltr'><strong>locus</strong></span> <span class='ocrx_word' id='word_1_247' title='bbox 2828 4527 2895 4589; x_wconf 91' lang='lat' dir='ltr'><strong><em>in</em></strong></span> <span class='ocrx_word' id='word_1_248' title='bbox 2944 4527 3038 4591; x_wconf 86' lang='lat' dir='ltr'><strong><em>vi-</em></strong></span> 
     </span>
    </p>
   </div>
  </div>
 </body>
</html>
