3414 5158
634 364 766 435 352
1033 364 1038 369 ’
1663 380 1982 435 nonnos.

723 550 931 638 Supra
971 554 1106 640 jam
1157 550 1526 618 dicebamus
1571 550 1727 617 elidi
1774 572 1952 637 posse
2000 550 2429 639 diphthongos
2473 553 2540 615 in
2589 551 2825 617 dativis
2872 572 3019 638 pro-

627 662 964 727 nominum
1013 681 1154 743 μοι,
1208 681 1298 724 σοι
1341 664 1406 723 et
1427 666 1530 724 Ῥοι
1555 662 1618 721 et
1645 658 2128 723 emendavimus
2153 669 2206 722 A
2236 656 2370 721 294
2396 660 2531 723 etz
2558 656 2712 723 289.
2778 656 3020 745 Operae

625 768 905 853 pretium
952 770 1048 831 est
1085 786 1252 830 nunc
1299 764 1526 830 addere
1571 771 1624 828 E
1675 762 1837 830 735:
1910 764 2179 829 ποικίλον
2199 813 2217 840 ,
2267 761 2330 827 ὄν
2377 765 2427 845 ῥ’
2476 765 2637 838 αὐτή
2682 765 2979 839 ποιήσατο
2999 812 3018 842 ,

625 873 741 937 ubi
787 870 958 937 malo
1003 868 1067 936 ὅν
1113 874 1184 938 ‘F'
1230 872 1391 946 αὐτή
1441 870 1797 955 itidemque
1844 880 1899 935 Θ
1949 868 2103 935 386.
2196 870 2415 935 Etiam
2466 880 2526 935 Ψ
2576 869 2709 936 313
2756 871 3021 937 fortasse

625 982 905 1065 praestat
948 979 1186 1043 inserto
1234 978 1610 1062 pronomine
1654 975 1841 1055 μῆτίν
1890 976 2019 1061 (μ’)
2069 975 2394 1054 ἐμβάλλεο
2441 979 2631 1058 θυμῷ.

721 1200 770 1257 Ζ
823 1188 987 1258 386:

806 1300 962 1364 ἀλλ’
1010 1299 1110 1365 ἐπὶ
1161 1298 1472 1380 πύργον
1519 1296 1636 1377 ἔβη
1684 1296 1955 1378 μέγαν
2002 1298 2223 1377 Ἰλίου,
2273 1294 2462 1363 οὕνεκ’
2511 1294 2771 1364 ἄκουσεν

813 1405 1116 1485 τείρεσθαι
1162 1413 1380 1487 Τρῶας
1404 1452 1420 1485 ,
1468 1404 1649 1484 μέγα
1697 1406 1763 1471 δὲ
1810 1403 2027 1486 κράτος
2078 1400 2233 1469 εἶναι
2286 1403 2587 1486 Ἀχαιῶν.

623 1510 838 1578 Facile
898 1517 998 1578 est
1061 1514 1366 1599 conjicere
1431 1511 1532 1577 ἐπὶ
1589 1520 1874 1594 τεῖχος
1927 1509 2045 1590 ἔβη
2095 1510 2317 1590 μέγα
2366 1512 2569 1576 Ἰλίου.
2663 1510 2749 1576 Et
2796 1512 3017 1577 statim

626 1620 949 1703 sequitur:
1403 1608 1410 1614 ’

995 1726 1030 1800 ἧ
1078 1723 1194 1801 μὲν
1238 1724 1310 1797 δη
1358 1724 1504 1804 πρὸς
1549 1731 1841 1805 τεῖχος
1893 1718 2263 1801 ἐπειγομένη
2308 1720 2631 1805 ἀφικάνει.

629 1830 873 1912 Πύργος
921 1836 987 1896 et
1034 1839 1247 1912 τεῖχος
1296 1830 1522 1896 itidem
1573 1830 1833 1896 confusa
1880 1835 2030 1895 sunt
2077 1836 2148 1894 M
2201 1828 2353 1896 333.

724 2051 773 2108 z
823 2041 1201 2226 510’ὤμοιθ
1247 2148 1605 2215 ἑίσσονται·
1660 2149 1688 2213 ὅ
1738 2148 1791 2215 δ’
1836 2130 2164 2232 α’γλαΐηφι
2212 2150 2638 2223 πεποιθώς.

631 2254 1094 2362 Commendavi
1142 2258 1422 2335 γεγηθώς
1471 2256 1697 2323 Mnem,
1746 2254 1916 2323 XXI
1962 2253 2117 2322 266.

720 2470 876 2537 Post
944 2471 1134 2538 verba
1179 2470 1504 2559 gaudendi
1549 2474 1614 2536 et
1657 2469 1915 2537 dolendi
1967 2470 2123 2537 satis
2166 2476 2317 2537 nota
2362 2478 2459 2538 est
2502 2474 2824 2537 structura
2868 2469 3021 2538 Oro·

629 2579 770 2664 pica
825 2599 985 2666 quae
1047 2578 1302 2644 dicitur.
1395 2576 1537 2644 Non
1605 2583 1820 2644 tamen
1886 2599 2423 2664 supervacaneum
2464 2578 2685 2665 Judico
2731 2578 3031 2664 primum'

631 2701 712 2748 ex
753 2683 992 2750 Atticis
1025 2684 1445 2770 scriptoribus
1483 2683 1791 2769 quaedam
1840 2683 2132 2768 exempla
2172 2683 2428 2760 afferre;
2456 2683 2658 2750 veluti
2682 2684 3021 2770 Euripides

504 2791 510 2794 ’
631 2789 798 2855 dixit
842 2789 1107 2878 Hippol.
1161 2789 1374 2855 1339:
1423 2789 1562 2862 τοὺς
1611 2790 1727 2864 μὲν
1774 2787 2055 2866 εὐσεβεῖς
2104 2790 2624 2864 θεοί-θνήσκοντας
2666 2792 2731 2855 οὐ
2771 2791 3019 2870 χαίρου-

631 2919 747 2962 σιν.
815 2895 1004 2962 Rbes.
1069 2894 1236 2960 391:
1285 2899 1484 2976 χαίρω
1534 2893 1600 2960 δέ
1647 2895 1706 2959 σ’
1755 2894 2144 2974 εὐτυχοῦντα
2196 2895 2301 2959 καὶ
2351 2895 2722 2976 προσήμενον
2770 2897 3019 2975 πύργοι·

628 3024 721 3064 σιν
771 3002 998 3083 ἐχθρῶν
1043 3005 1109 3067 et
1152 3021 1256 3087 ap.
1305 2999 1572 3067 Suidam
1622 3020 1683 3067 v.
1735 3001 1936 3082 χαίρω
1959 3022 1975 3042 ·

1084 3105 1286 3188 χαίρω
1333 3106 1404 3171 σέ
1450 3110 1509 3172 τ’
1557 3103 1600 3171 ὦ
1647 3106 1937 3184 βέλτιςον
1980 3107 2337 3185 Ἀλκμήνης
2386 3107 2559 3180 τέκος

1089 3213 1359 3277 σωθέντα
1406 3210 1510 3277 τόν
1558 3235 1628 3275 τε
1676 3212 1894 3292 μιαρὸν
1940 3211 2308 3288 έξολωλότα.

631 3317 972 3406 Sophocles
1019 3319 1272 3404 scripsit
1319 3320 1494 3384 Aiac.
1549 3316 1716 3382 136:
1766 3317 1834 3383 σὲ
1858 3314 2067 3396 μὲνεῦ
2092 3319 2423 3399 πράσσοντ’
2448 3319 2751 3399 έπιχαίρω
2778 3325 2843 3386 et
2864 3319 3017 3384 Phi-

627 3425 776 3492 loct.
830 3423 1045 3489 1314:
1095 3423 1276 3502 ἥσθην
1323 3446 1396 3489 τε
1441 3424 1688 3503 πατέρα
1727 3423 1829 3490 τὸν
1869 3425 2015 3500 ἐμόν
2040 3423 2420 3504 εὐλογοῦντα
2459 3448 2530 3489 σε
2567 3425 2755 3492 αὐτόν
2792 3432 2849 3490 τ’
2878 3425 3013 3504 ἐμέ.

628 3531 917 3618 Denique
975 3530 1309 3616 Eupolidis
1370 3531 1803 3620 fragmentum
1852 3536 1984 3596 est:
2042 3531 2151 3607 ἤδη
2200 3533 2329 3612 γὰρ
2376 3533 2745 3614 ’Λρίςαρχον
2790 3555 3017 3613 ςρατη-

629 3635 847 3714 γοῦντ’
896 3633 1198 3719 ἄχθομαι.

722 3743 1098 3810 Adscribam
1147 3741 1414 3810 Homeri
1459 3742 1666 3827 locos,
1716 3743 1828 3807 ubi
1872 3747 2057 3828 poeta
2102 3743 2319 3808 eodem
2369 3744 2559 3813 modo
2596 3744 2849 3810 locutus
2896 3748 3011 3808 est.

627 3849 892 3916 Primus
933 3855 1030 3916 est
1080 3858 1132 3914 H
1185 3847 1354 3914 308:
1856 3921 1863 3929 ,

1158 4034 1163 4039 ⁸
1655 3954 1746 4020 τοὶ
1797 3953 1862 4019 δὲ
1907 3954 2195 4035 χάρησαν

946 4060 1209 4135 Αἴαντος
1259 4060 1668 4142 προφυγόντα
1714 4061 1889 4140 μένος
1939 4061 2045 4123 καὶ
2097 4067 2316 4141 χεῖρας
2364 4059 2647 4133 ἀάπτους

627 4165 737 4233 Sic
805 4166 978 4234 enim
1047 4166 1453 4233 scribendum
1515 4173 1648 4252 est,
1711 4172 2024 4252 expuncto
2086 4187 2180 4232 vs.
2230 4165 2399 4245 309,
2450 4167 2614 4252 quod
2662 4168 3014 4234 ostendisse

627 4273 796 4340 mihi
843 4274 1064 4341 videor
1109 4276 1176 4338 in
1223 4273 1342 4354 Qu.
1392 4273 1588 4338 Hom.
1640 4293 1699 4357 p.
1754 4272 1903 4336 154.
1956 4271 2197 4338 Deinde
2244 4282 2299 4337 Θ
2351 4271 2519 4338 378:

991 4383 1247 4459 γηθήσει
1295 4379 1676 4460 προφανέντε
1725 4377 1848 4443 ἄνα
1894 4379 2222 4454 πτολέμοιο
2271 4380 2579 4460 γεφύρας.

631 4483 888 4556 Tertius
932 4484 1110 4552 locus
1157 4493 1254 4552 est
1299 4496 1324 4552 l
1380 4485 1498 4553 77:
1561 4484 1654 4558 τίς
1707 4485 1785 4548 ἂν
1830 4483 1983 4550 τάδε
2030 4484 2385 4563 γηθήσειεν·
2436 4491 2697 4574 quartus
2745 4485 3013 4576 denique
