3414 5158
686 328 817 395 308
1694 341 2046 393 nummus.

1046 513 1106 576 ἐν
1152 512 1470 592 χρήμασιν
1518 507 1648 574 τόδ’
1698 509 1825 578 eci·
1875 511 1961 584 μὴ
2009 513 2277 590 γαυροῦ,
2326 507 2546 587 πάτερ.

1048 618 1255 699 κύκλῳ
1299 617 1427 698 γὰρ
1472 613 1677 701 ἕρπει,
1724 617 1810 697 τῷ
1855 617 1970 694 μὲν
2015 615 2135 682 ἔσθ’
2183 613 2212 682 ὃ
2260 614 2316 680 δ’
2365 617 2473 682 οὐκ
2525 612 2702 695 ἔχει·

1037 733 1277 790 κοινοῖσι
1326 723 1378 788 δ’
1430 726 1639 796 αὐτοῖς
1689 724 1955 804 χρώμεθ’
2027 717 2070 805 ᾧ
2119 723 2178 786 δ’
2226 721 2305 788 ἂν
2353 725 2415 787 ἐν
2461 721 2672 798 δόμοις

1043 829 1257 912 χρόνον
1301 840 1543 912 συνοικῇ
1588 837 1880 909 πλεῖςον,
1930 826 2103 902 οὗτος
2153 829 2537 910 εὐτυχής.

775 937 883 1005 Sis
928 941 1099 1004 reete
1142 937 1441 1004 Meineke
1486 938 1555 1002 in
1600 935 1860 1003 Stobaei
1905 937 2184 1002 editione
2229 935 2442 1002 locum
2484 937 2894 1021 interpunxit
2909 981 2932 1014 ,
2975 953 3098 1022 po-

682 1047 808 1111 sita
868 1045 1281 1132 hypostigme
1338 1046 1408 1108 in
1466 1064 1563 1110 vs.
1626 1041 1669 1108 2
1729 1063 1845 1128 pro
1905 1041 2164 1132 virgula
2182 1092 2199 1121 ‚
2267 1063 2460 1128 quam
2506 1041 2685 1108 dedit
2729 1062 2886 1107 oum
2939 1040 3100 1107 aliis

682 1149 968 1217 Dindorf.
1030 1149 1363 1216 Sententia
1422 1149 1579 1216 haee
1638 1155 1736 1215 est
1783 1148 1977 1227 „Noli
2021 1170 2134 1235 per
2179 1150 2326 1215 deos
2371 1147 2748 1214 contendere
2795 1149 3098 1234 (veram)

678 1256 1081 1322 nobilitatem
1142 1275 1277 1322 esse
1336 1257 1405 1320 in
1452 1255 1516 1321 di
1526 1257 1735 1333 vitiis;
1785 1277 1866 1320 ne
1913 1255 2066 1342 (his)
2113 1254 2390 1342 gloriere
2417 1301 2434 1334 ‚
2481 1257 2578 1319 mi
2624 1251 2844 1340 pater!
2897 1253 3096 1321 Haeo

682 1365 855 1429 enim
898 1363 1259 1428 eommunis
1300 1362 1595 1427 omnibus
1636 1361 1945 1446 possessio
1985 1361 2175 1428 modo
2217 1361 2295 1426 ad
2335 1361 2506 1427 huno
2545 1360 2738 1426 modo
2777 1360 3092 1426 adillnm

681 1470 991 1554 pervenit.
1084 1467 1473 1534 Fortunatus
1536 1471 1631 1532 est
1688 1469 1748 1532 is
1765 1513 1783 1544 ,
1847 1469 1958 1552 qui
2005 1467 2366 1532 diutissime
2415 1486 2491 1532 ea
2535 1465 2828 1532 fruitur.”
2927 1466 3092 1532 Per-

680 1593 900 1660 peram
960 1576 1167 1661 igitur
1230 1594 1335 1639 me
1400 1573 1607 1638 iudice
1654 1573 1735 1637 ab
1783 1573 2079 1638 omnibus
2127 1579 2376 1658 recepta
2423 1579 2520 1638 est
2563 1569 2780 1638 Grotii
2825 1575 3090 1639 coniec-

680 1685 828 1745 tura
873 1681 1159 1757 εὐγενής,
1214 1699 1377 1764 quae
1422 1678 1546 1746 loci
1592 1675 1974 1744 sententiam
2021 1679 2206 1764 plane
2265 1681 2519 1745 evertit.
2612 1677 2838 1764 Neque
2901 1683 3088 1744 enim

679 1783 853 1850 filius
875 1835 892 1863 ,
950 1785 1117 1871 quod
1162 1791 1341 1870 pater
1386 1783 1762 1850 divitiarum
1811 1784 1958 1870 plus
2004 1804 2204 1870 aequo
2252 1785 2576 1851 studiosus
2622 1785 3085 1862 contenderat,

678 1891 967 1958 coneedit
1010 1895 1120 1966 τὴν
1167 1891 1479 1969 εὐγένειαν
1526 1886 1679 1955 εἶναι
1731 1890 1790 1954 ἐν
1838 1891 2180 1971 χρήμασιν.
2229 1890 2399 1957 Fieri
2445 1894 2654 1976 potest
2699 1895 2776 1956 ut
2823 1895 3088 1956 senten·

680 1999 843 2063 tiam
890 1997 1240 2084 expleverit
1284 1996 1500 2063 addito
1549 1996 1665 2064 tali
1711 2017 1901 2064 versu

1997 2099 2165 2176 οὗτος
2211 2103 2484 2184 εὐτυχής
2505 2149 2522 2182 ,

1042 2206 1343 2293 (πάτερ,
1390 2207 1627 2287 λέγοιτ’
1676 2207 1791 2286 ἄν,
1842 2209 1984 2290 οὐχ)
2035 2209 2088 2274 δ’
2135 2209 2391 2289 εὐγενής
2439 2211 2677 2282 ποτε).

681 2333 872 2398 quem
918 2319 1247 2400 excerptor
1295 2315 1630 2382 brevitatis
1680 2336 1832 2404 ergo
1879 2317 2186 2384 omiserit.

768 2418 1001 2484 Versus
1048 2423 1247 2487 sumti
1290 2421 1593 2486 videntur
1637 2443 1718 2487 ex
1757 2424 2040 2487 oratione
2061 2471 2078 2492 ,
2121 2441 2246 2506 qua
2285 2421 2620 2488 Macareus
2656 2420 2859 2491 Aeolo
2899 2423 3075 2510 patri

678 2529 1053 2613 persuadere
1102 2533 1361 2594 conatus
1408 2531 1541 2601 est,
1592 2533 1667 2591 ut
1713 2525 1876 2592 filias
1922 2547 2068 2593 suas
2116 2525 2266 2593 filiis
2314 2527 2491 2593 daret
2537 2549 2783 2595 uxores.
2833 2530 3075 2597 Aeolus

675 2632 939 2699 fortasse
980 2631 1213 2711 filiam,
1268 2654 1457 2719 quam
1509 2632 1836 2698 Macareus
1883 2633 2245 2718 deperibat,
2294 2635 2433 2700 viro
2480 2638 2689 2700 nescio
2738 2638 2842 2701 eui
2890 2637 3076 2703 div-‘ti

675 2740 744 2803 in
790 2742 1273 2806 matrimonium
1324 2738 1472 2804 dare
1512 2744 1895 2805 decreverat.
1945 2738 2238 2805 Eundem
2277 2762 2469 2805 senem
2511 2740 2706 2807 fuisse
2729 2744 3073 2827 suspiceris

676 2860 754 2911 ex
798 2846 885 2912 fr.
936 2844 1025 2912 23

1132 2950 1283 3018 ἀλλ’
1333 2949 1367 3026 ἣ
1415 2949 1487 3015 τὸ
1531 2958 1728 3030 γῆρας
1781 2951 1890 3025 τὴν
1942 2946 2171 3030 Κύπριν
2219 2949 2461 3031 χαίρειν
2509 2950 2607 3034 ἑᾷ,

1133 3054 1171 3133 ἦ
1213 3059 1272 3121 τ’
1314 3056 1647 3139 Ἀφροδίτη
1695 3062 1824 3129 τοῖς
1873 3055 2150 3137 γέρουσιν
2195 3054 2491 3135 ἄχθεται.

675 3163 908 3249 quibus
976 3164 1187 3230 verbis
1258 3165 1358 3229 uti
1425 3164 1639 3249 potuit
1698 3160 2028 3228 Macareus
2091 3161 2170 3227 ad
2243 3164 2442 3247 patris
2517 3161 2860 3229 eonsilium
2937 3164 3069 3229 im-

675 3268 1131 3356 pugnandum,
1181 3274 1246 3335 et
1290 3270 1362 3333 tr.
1414 3267 1542 3334 24:

1130 3374 1316 3441 κακὸν
1362 3381 1640 3452 γυναῖκα
1686 3372 1832 3453 πρὸς
1882 3372 2022 3438 νέαν
2080 3370 2293 3454 ζεῦξαι
2342 3372 2500 3439 νέον·

1104 3480 1345 3561 μακροὶ
1391 3481 1517 3559 γὰρ
1566 3479 1752 3561 ἶσχὺς
1800 3482 2048 3557 μᾶλλον
2097 3478 2356 3560 ἀρσένων
2402 3479 2614 3559 μένει,

1134 3586 1347 3661 θήλεια
1396 3586 1449 3651 δ’
1497 3583 1620 3662 ἥβη
1670 3585 1890 3650 θᾶσσον
1939 3584 2213 3650 ἐκλείπει
2259 3585 2479 3664 δέμας.

674 3690 907 3777 quibus
955 3692 1162 3757 verbis
1210 3690 1447 3758 Aeolus
1495 3693 1890 3777 propositum
1938 3712 2128 3757 suum
2179 3691 2531 3759 defendisse
2578 3692 2854 3760 videtur.

761 3797 1150 3880 Pet-cyrinum
1194 3798 1391 3863 fuisse
1440 3797 1710 3864 divitem
1753 3796 1938 3861 illum
1983 3818 2195 3863 senem
2239 3798 2518 3865 effeceris
2557 3820 2637 3865 ex
2674 3798 2907 3888 frag-m.
2937 3798 3064 3867 30:

672 3902 824 3968 ἀλλ’
888 3901 1054 3982 ὅμως
1100 3916 1113 3997 1
1156 3902 1385 3983 οἰκτράς
1436 3927 1529 3975 τις
1583 3904 1727 3968 αἰὼν
1774 3902 2062 3982 πατρίδος
2114 3904 2385 3970 ἐκλιπεῖν
2432 3901 2634 3986 ὅρους,
2685 3926 2846 3991 quae
2893 3906 3066 3972 diota

673 4008 976 4076 videntur
1038 4008 1115 4075 de
1174 4006 1340 4088 filia,
1410 4010 1554 4094 oui,
1616 4011 1671 4073 si
1735 4007 1837 4074 illi
1883 4011 2201 4094 nupserit,
2247 4012 2454 4095 patria
2497 4013 2587 4077 sit
2631 4010 3065 4096 relinquenda.

674 4112 771 4181 cf.
819 4114 898 4181 fr.
954 4114 1037 4181 19
1086 4120 1151 4180 et
1198 4112 1307 4181 20.

762 4220 859 4288 De
921 4221 1117 4288 Aeolo
1136 4267 1153 4295 ‚
1212 4222 1323 4306 qui
1382 4226 1703 4306 eomparto
1752 4219 1920 4287 filiae
1966 4225 2186 4307 stupro
2204 4268 2223 4299 ‚
2272 4222 2440 4307 quod
2484 4224 2544 4287 ei
2589 4220 2920 4287 Macareus
2966 4224 3062 4287 in·

673 4325 968 4407 tulerat‚'
1012 4329 1141 4393 irae
1202 4325 1543 4414 indulgens
1590 4326 1688 4406 (of.
1743 4328 1820 4391 fr.
1872 4324 1980 4407 36)
2037 4330 2217 4393 misit
2275 4327 2376 4393 illi
2423 4327 2748 4415 gladium,
2795 4349 2921 4413 quo
2965 4350 3062 4396 se·

673 4438 811 4501 met
854 4434 1061 4521 ipsam
1104 4432 1431 4521 iugularat
1450 4481 1465 4511 ,
1516 4432 1687 4499 haud
1735 4432 1931 4499 dubie
1979 4433 2149 4500 diota
2196 4438 2346 4501 sunt
2391 4434 2492 4513 (fr.
2543 4432 2650 4513 31)
2696 4435 2930 4503 verba:
