3414 5158
626 353 757 421 196
1396 410 1401 415 .
1642 368 1964 417 nonanus.

613 538 682 601 in
728 538 1019 622 patriam·
1050 535 1253 602 redire
1296 535 1613 623 gestiebat
1658 540 1724 603 et
1769 536 1943 616 χαῖρ’
1993 533 2126 599 ἐπεὶ
2177 532 2285 611 ἤδη
2335 534 2388 599 οἱ
2430 532 2647 615 κραδίη
2689 534 2999 619 τέτραπτο

622 639 900 709 viteam?
948 642 1233 732 Denique
1276 642 1433 727 quid
1474 642 1543 707 in
1582 648 1718 707 tota
1755 639 1974 707 fabula
2012 644 2287 727 pertinet
2323 641 2406 707 ad
2445 640 2698 729 Ulyssis
2719 641 3000 722 laudem,

626 752 739 836 qui
798 770 867 815 se
926 751 1083 815 satis
1126 748 1355 816 stolide
1403 748 1842 814 fraudulentae
1888 747 2149 813 mulieri
2195 749 2520 815 commisit
2533 750 2584 813 Ρ.
2637 748 2754 814 Uti
2795 750 3008 829 vides,

624 856 706 922 ab
752 858 931 921 omni
976 861 1155 941 parte
1198 855 1355 923 haec
1399 854 1768 940 perpluunt.

714 962 913 1044 Quid·
953 963 1277 1029 Homerus
1363 962 1776 1048 probabiliter
1843 982 2066 1029 canere
2133 958 2385 1048 potuit?
2455 960 2630 1029 Illud
2647 1011 2666 1041 ,
2762 966 3006 1050 opinor.

489 1135 492 1137 ,
620 1069 939 1137 Helenam
957 1117 977 1149 ,
1024 1091 1185 1156 quae
1232 1076 1445 1136 tamen
1491 1090 1603 1155 pro
1649 1074 1822 1135 certo
1869 1073 2029 1136 scire
2074 1090 2198 1136 non
2243 1076 2454 1155 posset
2501 1076 2746 1137 essetne
2791 1070 3010 1137 Mene·

631 1175 772 1243 laus
818 1176 1019 1242 simul
1069 1197 1218 1241 cum
1260 1175 1521 1261 reliquis
1560 1178 1629 1241 in
1668 1196 1831 1263 equo
1865 1176 2168 1255 inclusus,
2209 1182 2284 1241 ut
2321 1179 2632 1241 maritum
2678 1176 3010 1262 salutaret,

630 1286 855 1349 statim
894 1282 1327 1349 adcucurrisse
1374 1282 1453 1348 ad
1500 1302 1737 1367 equum
1785 1288 1850 1348 et
1895 1286 2276 1348 nominatim
2327 1286 2688 1349 evocavisse
2737 1282 3010 1350 Graeco-

624 1410 771 1455 rum
818 1389 1041 1455 heroas
1060 1437 1077 1466 ,
1124 1409 1281 1474 quos
1327 1388 1523 1455 latere
1572 1390 1830 1455 sciebat.
1903 1388 2192 1470 Reliquis
2237 1389 2518 1455 fortasse·
2549 1398 2840 1476 suspecta
2883 1391 3010 1456 fuit

626 1502 691 1562 et
751 1492 890 1562 fieri
956 1514 1207 1581 quoque
1252 1500 1461 1581 potest
1508 1499 1583 1559 ut
1628 1493 1920 1559 nonnulli
1963 1497 2224 1581 reginae
2265 1508 2488 1562 vocem
2531 1515 2658 1561 non
2703 1516 3007 1584 agnosce·

626 1609 795 1681 rent;
856 1623 1173 1691 agnovere
1231 1608 1450 1667 autem
1497 1602 1832 1670 Menelaus
1881 1608 1946 1669 et
1989 1601 2330 1668 Diomedes
2349 1650 2365 1676 ,
2416 1605 2528 1687 qni
2573 1624 2775 1689 quum
2821 1605 2890 1669 in
2936 1622 3010 1671 eo

624 1716 832 1777 esseut
878 1717 952 1775 ut
997 1729 1220 1776 vocem
1266 1708 1563 1775 tollerent
1607 1728 1799 1795 seque
1838 1709 2059 1775 adesse
2096 1707 2526 1795 significarent
2543 1758 2558 1787 ,
2605 1714 2871 1779 retinuit
2902 1732 3008 1778 eos

624 1815 890 1904 Ulysses
958 1816 1039 1881 ab
1106 1818 1247 1901 ipsa
1304 1813 1555 1881 Helena
1614 1814 1712 1879 nil
1772 1814 1929 1881 mali
1992 1817 2350 1899 suspicatus
2365 1862 2384 1893 ,
2435 1814 2543 1880 sed
2581 1822 2882 1887 ,metuens
2929 1839 3008 1883 ne

625 1922 789 1988 forte
856 1924 1075 2010 regina
1143 1942 1270 1986 non
1330 1921 1463 1987 sola
1525 1924 1820 1989 venisset.
1919 1921 2002 1989 Et
2061 1942 2282 1987 revera
2344 1920 2708 2007 Deiphobus
2754 1924 3006 2003 aderat,

628 2028 736 2094 sed
794 2030 947 2092 clam
1006 2027 1263 2093 Helena.
1310 2024 1417 2093 Sic
1466 2032 1601 2094 tota
1650 2029 1930 2094 narratio
1978 2026 2260 2093 Menelai
2305 2030 2580 2113 pertinet
2625 2030 2706 2095 ad
2751 2031 3003 2115 praedi-

490 2162 495 2165 ·
630 2136 897 2201 eandam
957 2154 1282 2199 summam
1343 2133 1593 2221 Ulyssis
1641 2134 2080 2220 prudentiam,
2133 2155 2292 2219 quae
2341 2140 2492 2200 tunc
2537 2156 2758 2202 omnes
2801 2157 3014 2206 serva·

625 2243 723 2309 vit
741 2287 758 2320 ,
804 2262 1006 2327 quum
1050 2242 1319 2306 insidiae
1365 2242 1497 2305 iam
1544 2243 1613 2305 in
1659 2261 1734 2307 eo
1780 2246 1990 2307 essent
2034 2246 2110 2305 ut
2157 2238 2542 2325 patefierent.
2576 2273 2580 2276 *

716 2346 778 2413 N
782 2366 905 2413 unc
967 2362 1227 2433 apparet.
1286 2367 1512 2427 verum
1575 2347 1813 2414 vidisse
1875 2348 2320 2413 Aristarchum
2337 2396 2356 2427 ,
2405 2368 2606 2433 quum
2651 2348 3014 2418 eliminaret

628 2453 907 2539 quinque
962 2454 1041 2521 de
1092 2453 1349 2519 Anticlo
1397 2453 1777 2531 versiculos,
1832 2456 1944 2538 qui
1987 2454 2068 2520 ab
2113 2454 2422 2539 rhapsodo
2463 2454 2830 2541 interpolati
2875 2457 3011 2523 fue-

624 2564 809 2646 runt,
858 2581 1056 2647 quum
1104 2566 1359 2647 putaret
1396 2578 1599 2626 unum
1638 2576 1806 2628 certe
1847 2560 2062 2627 adesse
2104 2560 2400 2628 debuisse
2419 2611 2437 2646 ,
2459 2548 2589 2648 'qui
2627 2563 3014 2632 desiderium

626 2669 841 2734 uxoris
887 2668 1131 2733 diutius
1176 2668 1336 2734 ferre
1380 2688 1506 2734 non
1550 2674 1779 2754 posset.
1830 2667 2164 2734 Praeterea
2209 2669 2504 2735 videmus
2549 2669 3008 2756 interpolatum

626 2795 761 2842 esse
806 2796 1061 2842 versum
1110 2774 1277 2842 2¹79:
1327 2773 1575 2840 πάντων
1630 2773 1926 2853 Ἀργεΐων
1965 2775 2169 2856 φωνὴν
2213 2773 2446 2842 ἵσκουσ’
2485 2775 2826 2859 ἀλόχοισιν,
2853 2799 3015 2864 quae

628 2882 849 2972 verba⁸
879 2884 1011 2948 iam
1070 2880 1513 2947 Alexandrinis
1561 2884 2004 2968 grammaticis
2051 2889 2342 2966 suspecta
2391 2883 2668 2950 fuerunt.
2761 2884 3014 2950 Intelli-

508 3075 515 3082 ⁵
624 2991 848 3076 gimus
890 2995 1108 3054 autem
1156 3008 1315 3072 quae
1361 2990 1676 3054 sententia
1723 3008 1857 3054 esse
1905 2988 2197 3053 debuerit
2241 2990 2580 3055 verborum
2629 3010 2792 3075 quae
2829 2991 3016 3058 hodie

624 3102 919 3182 corrupte
965 3100 1151 3180 sunt,
1202 3115 1407 3180 neque
1451 3114 1763 3180 umquam
1810 3096 2078 3161 fortasse
2123 3098 2331 3161 sanari
2378 3103 2678 3181 poterunt
2720 3119 2809 3164 vs.
2839 3095 3012 3165 274:

624 3201 1061 3278 κελευσέμεναι
1122 3202 1187 3267 δέ
1242 3205 1302 3266 τ’
1364 3199 1627 3280 ἔμελλεν
1691 3201 1942 3280 δαίμων.
2011 3201 2302 3288 Denique
2349 3202 2708 3290 corruptela
2753 3210 3014 3291 apparet

511 3369 517 3372 ,
629 3308 699 3374 in
742 3328 837 3373 vs.
887 3307 1046 3374 283:

854 3407 860 3412 ’
1078 3421 1178 3482 νῶι
1220 3416 1337 3490 μὲν
1382 3415 1716 3498 ἀμφοτέρω
1763 3416 2146 3494 μενεήναμεν
2193 3415 2520 3494 ὁρμηθέντε

1081 3521 1117 3599 ἢ
1166 3521 1705 3601 ἐξελθέμεναι
1754 3523 1787 3598 ἦ
1839 3521 2064 3588 ἔνδοθεν
2117 3517 2261 3604 αἶψ’
2313 3523 2684 3590 ὑπακοῦσαι.

628 3625 774 3695 Non
832 3630 1006 3695 enim
1064 3634 1199 3695 tam
1260 3623 1445 3698 stulti
1491 3617 1750 3696 fuerunt
1770 3679 1788 3714 ,
1837 3636 1913 3694 ut
1956 3635 2104 3695 ante
2153 3635 2407 3716 tempus
2453 3651 2532 3696 ex
2581 3632 2832 3698 insidiis
2879 3651 3021 3718 pro·

630 3733 845 3802 volare
893 3735 1166 3823 vellent3
1218 3737 1389 3803 solus
1433 3736 1894 3822 Neoptolemus
1915 3785 1934 3810 .
1983 3751 2024 3800 λ
2075 3734 2232 3812 531,
2276 3743 2413 3802 tam
2451 3738 2822 3824 imprudens
2857 3739 3014 3816 fuit3

630 3841 744 3908 sed
811 3843 930 3908 hoc
996 3844 1271 3932 egebant
1340 3849 1415 3908 ut
1482 3846 1657 3909 intus
1725 3847 2018 3927 raperent
2083 3840 2393 3908 Helenam
2463 3855 2576 3908 aut
2639 3850 2808 3910 certe
2865 3864 3021 3911 voce

628 3948 1061 4037 significarent
1124 3971 1191 4016 se
1251 3951 1483 4015 adesse.
1579 3948 1940 4035 Utrumque
1987 3947 2250 4035 Ulysses
2299 3949 2627 4035 prohibuit
2671 3953 3017 4035 quominus

628 4037 828 4123 fieretss
925 4057 1061 4123 Nec
1116 4063 1330 4123 tamen
1396 4076 1511 4141 pro
1556 4061 1727 4121 certo
1773 4055 2046 4120 dixerim
2067 4104 2084 4138 ‚
2136 4055 2450 4138 quomodo
2499 4063 2871 4142 corruptum
2917 4055 3019 4134 ἐξ·

633 4160 955 4239 ελθέμεναι
1016 4161 1459 4250 corrigendum
1524 4164 1629 4226 sit.
1723 4158 2023 4248 Cogitavi
2083 4160 2162 4226 de
2208 4161 2288 4236 ἠὲ
2334 4159 2505 4238 σέο)
2555 4162 3019 4241 εἰσέμεναι,

632 4272 827 4336 sicuti
870 4269 1124 4336 ἱππόθεν
1170 4269 1453 4346 ἐξέμεναι
1502 4289 1571 4334 se
1616 4267 2073 4353 Neoptolemus
2121 4266 2417 4354 Ulyssem
2467 4269 2729 4334 iubebat
2767 4289 2841 4336 eo
2883 4268 3019 4336 loco

634 4397 827 4463 quem
885 4377 1040 4444 dixi.
1134 4374 1267 4444 Alii
1324 4375 1587 4442 fortasse
1632 4377 2084 4441 correctionem
2131 4374 2624 4460 probabiliorem
2671 4378 3017 4444 invenient.
