3414 5158
603 261 687 328 48
1724 276 1951 327 miro.

690 445 851 512 Ibid.
918 445 992 511 O.
1055 442 1268 520 Quid?
1329 444 1576 510 hiccine
1623 451 1720 509 est
1766 446 2140 530 praecipuus
2189 441 2675 528 philosophandi
2722 439 2866 506 finis
2912 434 2992 504 τὸ

601 553 910 633 διαφέρειν
957 560 1073 617 τῶν
1119 549 1428 618 vacis-cuv?
1474 550 1694 616 Nolim
1746 551 2029 628 credere;
2081 549 2189 614 sed
2238 549 2403 634 quod
2451 547 2639 613 Plato
2682 548 2855 612 dedit
2894 550 2999 610 in·

601 680 879 723 nocuum
941 664 1071 724 est:
1136 679 1219 721 sc.
1287 656 1314 722 ὃ
1384 658 1452 730 δὴ
1481 707 1497 732 ,
1567 678 1692 740 qua
1740 659 1807 720 in
1854 677 1921 722 re
1970 677 2005 720 a
2051 655 2278 719 multis
2330 655 2572 720 differre
2619 653 2951 719 studemus
2980 702 2999 736 ,

603 765 662 827 ἐν
711 766 792 842 τῷ
844 765 931 840 μὴ
975 765 1370 843 διαφέρεσθαι
1423 767 1566 838 ἡμῖν
1617 765 1849 832 αὐτοῖς.

693 867 847 934 859.
913 868 984 934 Ο.
1057 868 1292 934 Omnes
1359 869 1506 933 inde
1563 889 1600 933 a
1663 868 1982 953 Stephano
2047 868 2317 933 editores
2383 867 2575 933 verba
2630 864 2850 944 σχεδὸν
2902 902 2995 913 -—

601 973 808 1052 λέγειν
869 976 1240 1040 Atheniensi
1304 979 1715 1051 continuant,
1770 973 1934 1038 nihil
1981 970 2227 1038 Cliniae
2273 975 2695 1056 relinquentes
2742 978 2993 1056 praeter

599 1079 666 1143 id
732 1085 890 1165 quod
955 1081 1202 1146 Cliniae
1259 1101 1380 1144 non
1437 1089 1560 1156 est,
1615 1083 1827 1145 οὐκοῦν
1880 1081 2073 1156 ὀρθῶς.
2125 1080 2291 1144 'I'um
2343 1101 2561 1144 rursus
2600 1081 2781 1148 Ἴσως
2828 1077 2985 1142 Ath.

606 1187 922 1251 tribuunt.
1017 1185 1195 1266 Quod
1265 1189 1549 1251 maxima
1612 1208 1688 1250 ex
1737 1193 1913 1270 parte
1961 1195 2178 1251 contra
2233 1189 2625 1269 optimorum
2676 1185 2985 1248 librorum

602 1295 1048 1356 auctoritatem
1114 1293 1352 1356 factum
1419 1300 1532 1356 est.
1607 1289 1781 1357 Cur?
1844 1291 2007 1370 Quia
2070 1291 2314 1355 scilicet
2362 1294 2714 1356 enuntiatio
2762 1288 2885 1355 οὐδ’
2936 1289 2994 1353 εἴ

600 1421 690 1468 τις
742 1424 798 1462 κ.
827 1422 885 1464 τ.
913 1414 973 1462 λ.
1024 1398 1306 1483 alioquin
1355 1419 1581 1462 manca
1631 1404 1813 1462 esset.
1912 1397 2037 1461 Sed
2084 1396 2251 1460 nihil
2297 1397 2415 1460 hoc
2459 1397 2740 1461 remedio
2787 1395 2989 1480 profe-

607 1509 844 1568 cerunt.
942 1503 1100 1568 Vide
1147 1524 1338 1587 quam
1388 1502 1557 1567 male
1605 1504 1976 1568 cohaereant
2024 1503 2143 1566 οὐδ’
2194 1502 2248 1565 εἴ
2294 1526 2386 1572 τις
2437 1501 2863 1582 διισχυρίζοιτο
2914 1536 2987 1547 -

603 1608 792 1679 οὐδεὶς
864 1608 938 1672 ἂν
1006 1607 1193 1684 δόξειε
1241 1635 1310 1674 π.
1346 1624 1407 1673 λ.
1481 1609 1759 1674 Evidens
1806 1615 1899 1672 est
1946 1612 2015 1673 in
2061 1609 2161 1672 his
2210 1607 2437 1672 lacuna
2485 1628 2677 1691 quam
2725 1609 2815 1670 sic
2862 1604 2993 1670 fere

603 1715 1030 1798 impleverim.
1103 1712 1201 1782 ὦς’
1275 1716 1496 1796 οὐδ(ὲν
1571 1713 1644 1778 ἂν
1710 1713 1937 1778 ἄτοπον
2001 1712 2191 1788 δόξειε
2261 1714 2496 1799 λέγειν)
2564 1712 2715 1776 οὐδ’
2782 1710 2838 1775 εἴ
2895 1734 2989 1784 τις

603 1817 1028 1899 διϊσχυρίζοιτο
1093 1816 1308 1903 [esum]
1373 1822 1510 1886 τοὺς
1573 1821 1837 1888 δικκίους
1904 1821 2241 1892 ἀνθρώπους
2297 1866 2313 1883 .
2344 1867 2358 1883 .
2393 1869 2405 1880 .
2452 1869 2465 1882 .
2519 1820 2660 1882 κατ’
2712 1815 2863 1881 αὐτό
2912 1840 2991 1894 γε

603 1928 671 1991 τὸ
739 1927 1172 2011 [δικαιότατον]
1245 1924 1375 2000 ἦθος
1419 1925 1619 2007 ταύτῃ
1669 1926 1841 2009 (fort.
1892 1925 2127 2010 πᾶντη)
2175 1925 2548 2004 παγκάλους
2623 1921 2796 1988 εἶναι.
2852 1933 2989 1987 ΚΛ.

609 2032 848 2112 Σχεδὸν
899 2033 1087 2100 οὐδεὶς
1140 2057 1197 2095 κ.
1225 2055 1284 2096 τ.
1315 2031 1364 2096 ἓ.

697 2135 852 2200 860.
918 2139 995 2202 Α.
1068 2137 1376 2202 Putidum
1448 2142 1542 2200 est
1599 2137 2108 2204 additamentum
2166 2137 2509 2218 λεχθέντων
2571 2143 2687 2201 τῶν
2747 2136 2989 2201 δικκΐων

604 2243 908 2321 aio-ximus
969 2238 1142 2307 εἶναι.
1237 2241 1556 2306 Falsarius
1618 2242 2115 2326 superlationem
2172 2264 2209 2307 a
2270 2244 2676 2328 sequentibus
2728 2251 2986 2307 mutua-

603 2355 708 2413 tus
756 2356 872 2414 est.

692 2453 853 2518 Ibid.
908 2452 1207 2541 Corrigo:
1259 2461 1382 2524 πῶς
1429 2450 1510 2518 αὖ
1559 2455 1752 2532 πρὸς
1800 2456 1969 2518 αὐτοὶ
2008 2459 2218 2519 ταῦτα
2262 2454 2394 2536 ἔχει
2432 2463 2541 2525 τῆς
2584 2453 2980 2533 ξυμφωνίωςς

602 2571 740 2627 ΚΛ.
805 2563 982 2633 ποίοις
1051 2562 1121 2635 δὴ
1183 2561 1322 2641 πρὸς
1390 2568 1623 2636 ποῒως
1685 2563 1770 2625 τὰ
1822 2563 1988 2626 αὐτὰ
2037 2569 2247 2627 ταῦτα
2293 2570 2441 2627 sunt
2487 2561 2572 2625 τᾶ
2618 2563 2828 2625 δίκαιος
2877 2557 2980 2623 καὶ

606 2669 854 2733 τᾶδικκ.

691 2775 774 2838 D.
822 2774 1115 2843 ἄκουσίως
1165 2774 1226 2836 δὲ
1277 2773 1536 2837 ἑκούσιον
1583 2774 1688 2836 οὐκ
1741 2770 1875 2851 ἔχει
1926 2774 2310 2851 πράττεσθαί
2356 2799 2511 2839 ποτε
2559 2773 2761 2851 λόγον.
2856 2772 2983 2836 Ra-

603 2880 929 2943 tiocinatio
975 2878 1344 2943 huiusmodi
1392 2885 1506 2942 est.
1557 2878 1583 2940 5
1632 2878 1821 2947 κακὸς
1869 2876 2031 2943 ἄκων
2074 2880 2276 2947 κακός.
2322 2882 2349 2945 ὅ
2394 2882 2453 2945 δὲ
2494 2880 2699 2951 ἄδικος
2740 2872 2827 2948 εἷς
2867 2882 2983 2941 τῶν

602 2992 825 3048 κακῶν.
893 2980 1107 3053 Οὕτως
1175 2985 1202 3047 ὅ
1260 2983 1463 3053 ἄδικος
1526 2981 1686 3047 ἄκων
1736 2982 1961 3054 ἄδικος.
2012 2988 2086 3049 ‘0
2138 2987 2211 3050 δὲ
2261 2984 2465 3050 ἄκων
2517 2987 2855 3049 ἑκούσια.
2904 2984 2982 3046 οὔ

601 3090 971 3168 πρᾶττει.
1061 3090 1197 3151 Οὐκ
1245 3087 1366 3165 ἄρα
1414 3090 1617 3153 ἄδικεῖ
1660 3092 1825 3155 ἑκών.
1906 3090 2024 3154 Sed
2076 3112 2187 3175 pro
2234 3092 2260 3155 ὃ
2310 3094 2371 3157 δὲ
2420 3090 2580 3156 ἄκων
2628 3091 2868 3154 ἑκούσια
2917 3090 2983 3153 οὐ

603 3196 861 3271 πρᾶττει
886 3194 1121 3258 maluit
1146 3194 1348 3258 dicere
1375 3196 1646 3272 ἑκουσίῳ
1684 3196 1743 3258 δὲ
1772 3196 1971 3259 ἑκουσί
1980 3221 2046 3258 κν
2076 3198 2457 3271 πράττεσθαι
2486 3202 2590 3263 οὐκ
2616 3197 2751 3278 ἔχει
2777 3196 2979 3273 λόγον.

697 3298 847 3363 861.
901 3302 979 3364 A.
1031 3302 1543 3376 Ἀναμνησθῶμεν
1591 3304 1668 3372 ὥς
1727 3300 2113 3386 [ἔμπροσθεν]
2162 3308 2260 3366 νῦν
2310 3306 2397 3377 δὴ.
2455 3342 2535 3352 -

697 3404 861 3468 Ibid.
911 3404 980 3467 B.
1049 3404 1352 3467 Hiulcam
1419 3426 1552 3469 esse
1600 3409 1948 3471 orationem
1999 3428 2216 3472 omnes
2264 3408 2671 3493 confitentur-3
2726 3409 2834 3473 sed
2884 3415 2981 3473 to-

601 3512 742 3574 tam
784 3514 1131 3574 orationem
1175 3513 1629 3595 contemplanti
1669 3514 2085 3577 verisimilius
2126 3515 2453 3579 videbitur
2476 3538 2550 3580 ex
2578 3518 2763 3579 initio
2789 3535 2981 3599 quam

599 3618 822 3698 quavis
887 3614 1011 3679 alia
1072 3637 1150 3680 ex
1215 3624 1392 3700 parte
1440 3619 1706 3682 verbum
1758 3617 2081 3683 excidisse.
2180 3617 2492 3684 Coniicio:
2550 3615 2644 3697 ἄρ’
2698 3616 2795 3684 οὖν
2843 3644 2980 3684 πα-

599 3723 670 3801 ρι’
685 3744 832 3797 μεν
893 3722 1002 3795 τὴν
1049 3721 1277 3785 τούτων
1324 3724 1582 3802 ἄπορίων
1630 3749 1688 3788 κ.
1716 3748 1773 3787 τ.
1803 3724 1849 3787 ὲ.
1904 3724 2060 3789 Mox
2108 3724 2565 3799 ἄποιλλᾶξετωι
2616 3746 2737 3790 non
2789 3724 2978 3789 modo

594 3848 1061 3913 supervacuum
1117 3835 1244 3904 est,
1293 3830 1401 3893 sed
1449 3851 1600 3893 cum
1648 3837 1855 3894 cetera
1903 3834 2182 3895 oratione
2230 3837 2493 3916 pugnat.
2588 3832 2756 3896 Nam
2806 3836 2975 3895 certe

590 3934 619 3996 ο·
692 3932 1006 4006 νομοθέτης
1077 3953 1201 3996 non
1263 3935 1464 3997 abibit
1523 3938 1893 4017 priusquam
1954 3956 2067 3999 nos
2128 3936 2341 4021 legem
2420 3957 2603 4000 suam
2685 3938 2967 4020 accipere

598 4040 896 4124 coegerit.

685 4142 762 4206 D.
812 4142 1148 4207 Inserenda
1195 4163 1320 4207 vox
1367 4152 1492 4226 est,
1541 4145 1676 4208 sine
1716 4166 1839 4229 qua
1878 4145 2065 4211 duale
2104 4148 2372 4213 verbum
2413 4170 2536 4214 non
2562 4150 2967 4213 haberemus:

593 4245 951 4323 διαφέρετον
1001 4246 1282 4325 ὲκᾶτερον
1335 4248 1696 4332 (ἑκατέρου.)
1751 4286 1831 4296 -

685 4346 846 4413 Ibid.
893 4350 967 4415 E.
1033 4352 1120 4427 μή
1183 4375 1276 4422 τις
1324 4352 1593 4427 οἴηται
1631 4375 1745 4437 pro
1790 4356 1989 4421 οἰέσθω
2037 4358 2140 4424 vel
2188 4359 2347 4441 οἰηθῇ
2396 4360 2585 4445 plane
2633 4360 2973 4427 barbarum

3300 208 3320 737 —n-—ffi-*n
3304 92 3310 101 -
3304 28 3310 41 .-
