3414 5158
1430 359 1740 409 sums.
2647 335 2777 408 44¹7

388 531 491 595 Da
549 529 697 594 mibi
758 528 1023 594 triduum
1084 527 1183 592 vel
1222 525 1607 612 quatriduum
1652 524 1756 590 καὶ
1818 521 2005 606 θεάσῃ
2053 521 2276 595 τελέως
2333 522 2519 588 αὐτὸν
2572 521 2777 600 ὑγιαί-

390 660 587 703 νοντα.
660 674 745 686 -
818 635 977 722 Pag.
1042 632 1209 698 914:
1274 633 1453 697 ἀλλὰ
1516 631 1746 706 συνέβη
1808 632 1950 697 κατ’
2021 620 2082 693 ὃν
2148 629 2270 707 ἐγὼ
2333 627 2550 710 τρόπον
2610 623 2780 693 εἶπον

389 741 687 824 ἐξαίφνης
746 743 1072 808 άποθανεῖν
1120 735 1331 814 αὐτόν,
1392 737 1617 802 deinde
1662 739 1754 802 ita
1803 738 2052 825 pergit:
2103 734 2208 799 καὶ
2257 737 2328 800 τὸ
2377 735 2623 800 πάντων
2671 759 2780 815 γε·

387 849 702 916 λοιότατον
776 850 803 914 ὅ
866 847 980 924 μὲν
1032 845 1354 918 ’Ἄτταλος
1423 843 1738 924 (medicus
1808 843 2194 931 Theagenis)
2259 840 2377 921 ἦγέ
2442 867 2612 916 τινας
2662 849 2780 907 τῶν

390 957 773 1039 ἦρωτηκότων
839 953 1040 1034 Φίλων
1108 948 1267 1023 ὅπως
1339 949 1565 1028 διάγοι,
1636 947 1834 1026 δεῖξαι
1903 949 2278 1028 βουλόμενος
2357 951 2543 1016 αὐτὸν
2591 947 2782 1022 οὕτως

390 1063 623 1146 ἔχοντα
668 1067 914 1138 καλῶς,
962 1062 1037 1130 ώς
1086 1058 1372 1124 λούεσθαι
1421 1056 1677 1134 μέλλειν
1728 1053 2172 1135 άγαλλόμενός
2224 1079 2295 1121 τε
2342 1057 2511 1135 μετα
2539 1057 2784 1122 πολλῶν

388 1171 662 1247 εἰσῆλθεν
724 1170 811 1241 εἰς
875 1167 976 1232 τὸν
1038 1163 1193 1230 οἷκον
1252 1165 1312 1227 ἐν
1362 1157 1403 1245 ᾧ
1454 1163 1792 1228 κατέκειτο.
1891 1161 1964 1227 Si
2009 1165 2153 1248 quis
2199 1161 2444 1229 Romae
2490 1167 2785 1229 mortuus

390 1281 587 1352 esset,
642 1274 945 1340 lamentis
989 1275 1162 1336 totae
1208 1268 1395 1336 aedes
1438 1270 1886 1355 personabant,
1931 1268 2040 1335 sed
2064 1269 2178 1334 ubi
2203 1267 2574 1357 Theagenes
2598 1269 2782 1335 habi·
2838 1343 2846 1351 ‚

391 1386 640 1450 taverat
700 1379 907 1446 altum
971 1381 1105 1444 erat
1166 1375 1532 1454 silentium3
1597 1396 1804 1460 neque
1849 1377 2019 1441 enim
2067 1373 2350 1441 famulus
2396 1381 2531 1441 erat
2581 1373 2782 1442 Thea-

390 1489 544 1576 geni
612 1506 815 1570 neque
877 1481 1169 1550 servulus
1216 1501 1420 1566 neque
1466 1501 1627 1546 uxor
1650 1530 1666 1558 ,
1720 1480 1831 1548 sed
1875 1483 2069 1546 amici
2115 1480 2376 1567 pauculi
2419 1480 2785 1569 philosophi

393 1591 624 1680 Cynici
669 1593 804 1657 sine
850 1588 1153 1655 lamentis
1200 1587 1466 1654 cadaver
1510 1587 1848 1654 lavabant:
1897 1588 2000 1652 τὸν
2049 1588 2335 1665 Θεαγένη
2376 1587 2439 1653 δὲ
2481 1589 2785 1653 τεθνεῶτα

394 1700 591 1765 λούειν
632 1697 984 1778 ἐπεχείρουν
1030 1693 1161 1762 ἔνιοι
1210 1702 1328 1761 τῶν
1371 1695 1576 1777 φίλων
1623 1699 1837 1759 ταῦτα
1886 1693 1955 1767 δη
2005 1693 2094 1759 τοὶ
2145 1693 2568 1780 νενομισμένα,
2616 1705 2789 1760 Κυνι-

396 1805 489 1870 κοί
545 1805 619 1876 τέ,
665 1829 822 1878 τινες
869 1803 1036 1878 ὄντες
1085 1802 1191 1867 καὶ
1242 1799 1449 1874 ἄλλως
1496 1801 1850 1883 φιλόσοφοι.
1901 1799 1987 1865 διὸ
2034 1799 2140 1866 καὶ
2188 1798 2375 1881 μέχρι
2426 1805 2536 1866 τοῦ
2584 1805 2786 1882 νεκροῦ

394 1911 855 1992 παραγενέσθαι
907 1908 1132 1988 συνέβη
1184 1910 1268 1988 τῷ
1319 1907 1613 1990 Ἀττάλῳ
1660 1907 1832 1987 μετα
1881 1913 1986 1972 τοῦ
2026 1911 2212 1988 χοροῦ
2252 1913 2370 1972 τῶν
2392 1909 2640 1988 θεατῶν,
2667 1905 2784 1974 ἅτε

394 2017 650 2098 μηδενὸς
698 2016 860 2083 ἔνδον
904 2018 1278 2098 οἰμώζοντος.
1329 2015 1471 2081 οὔτε
1517 2016 1643 2095 γὰρ
1689 2015 1926 2090 οἰκέτης
1975 2015 2115 2080 οὔτε
2160 2014 2400 2079 παιδίον
2446 2013 2586 2080 οὔτε
2630 2016 2788 2094 γυνη

396 2127 481 2206 τῷ
532 2124 833 2204 Θεαγένει
884 2119 973 2202 ἦν,
1020 2123 1169 2188 ἀλλ’
1214 2125 1267 2188 οἱ
1315 2127 1804 2205 φιλοσοφοῦντες
1851 2122 2018 2200 μόνοι
2065 2127 2352 2202 παρῆσαν
2391 2122 2560 2204 αὐτῷ
2583 2121 2783 2205 Φίλοι,

396 2231 481 2297 τα
539 2233 653 2311 μὲν
701 2232 801 2296 ε’π)
848 2241 975 2301 τοῖς
1024 2231 1299 2297 τεθνεῶσι
1352 2228 1724 2310 νομιζόμενα
1769 2229 2188 2309 πράττοντες,
2237 2230 2302 2294 οὐ
2351 2227 2473 2306 μὴν
2513 2226 2789 2308 οἰμώζειν

397 2362 475 2417 γε
538 2339 897 2416 μέλλοντες.
990 2336 1235 2402 Deinde
1286 2337 1687 2402 acerbissimo
1733 2338 1874 2401 ioco
1923 2335 2134 2402 addit:
2185 2333 2338 2400 οὕτω
2389 2337 2504 2412 μὲν
2552 2335 2579 2400 ὃ
2631 2344 2791 2400 Θεσ·

398 2443 643 2516 σάλειος
706 2436 828 2517 ὄνος
899 2443 1291 2519 εὐδοκίμησεν
1356 2440 1455 2506 ἐπὶ
1506 2447 1752 2506 πολλῶν
1803 2440 2029 2506 θεατῶν
2079 2438 2388 2516 ἐπιδείξας
2444 2442 2790 2520 άπηλλαγ-

398 2551 577 2628 μένον
626 2560 738 2627 τῆς
785 2555 1155 2633 Φλεγμονῆς
1207 2550 1369 2621 ἐντὸς
1420 2553 1536 2613 τῶν
1586 2547 1897 2629 τεττάρων
1945 2550 2194 2629 ἡμερῶν,
2245 2549 2322 2621 ὡς
2350 2548 2661 2629 ὑπέσχετο
2686 2548 2790 2614 τὸν

401 2656 728 2738 ἄνθρωπον.
802 2655 1038 2732 Quales
1077 2656 1192 2721 illa
1238 2661 1527 2742 tempora
1573 2660 1639 2721 et
1680 2654 1784 2721 illi
1829 2675 2038 2721 mores
2086 2656 2366 2722 medicos
2414 2655 2680 2721 tulerint
2726 2661 2792 2721 et

401 2764 556 2831 alibi
618 2766 855 2851 passim
921 2761 1203 2832 Galenus
1267 2763 1545 2829 ostendit
1591 2768 1655 2829 et
1701 2761 1884 2829 Tom.
1924 2763 2012 2831 X.
2060 2785 2208 2851 pag.
2259 2762 2337 2828 5:
2386 2764 2413 2828 ὃ
2465 2762 2790 2834 Θεσσαλὸς

400 2872 619 2945 ἐκεῖνος
659 2873 727 2938 οὗ
774 2864 991 2938 τᾶλλα
1040 2872 1217 2949 μόνον
1265 2868 1596 2935 ἐκολάκευε
1644 2858 1783 2942 τοὺς
1830 2869 1935 2935 ἐπὶ
1983 2877 2093 2945 τῆς
2139 2872 2376 2949 Ῥώμης
2426 2869 2792 2955 πλουσίους,

399 2979 575 3044 ἀλλὰ
625 2978 726 3044 καὶ
778 2980 861 3060 τῷ
909 2977 1095 3056 μησὶν
1144 2968 1213 3053 ἓξ
1261 2977 1776 3056 ἐπαγγείλασθαι
1827 2975 2091 3055 διδάξειν
2115 2976 2226 3050 τὴν
2257 2975 2507 3058 τέχνην,
2534 2975 2789 3054 ἑτοίμως

401 3082 736 3162 ἐλάμβανε
783 3086 1073 3166 μαθητάς
1122 3083 1565 3165 παμπόλλους.
1614 3122 1697 3133 -
1749 3083 1852 3150 διὰ
1898 3087 2080 3149 τοῦτο
2127 3083 2232 3149 καὶ
2282 3080 2647 3164 σκυτοτόμοι
2687 3081 2790 3147 καὶ

401 3188 677 3263 τέκτονες
740 3191 846 3256 καὶ
914 3192 1159 3272 βαφεῖς
1208 3191 1312 3256 καὶ
1361 3198 1632 3271 χαλκεῖς
1683 3191 2053 3265 ἐπιπηδῶσιν
2100 3191 2209 3269 ἤδη
2262 3200 2388 3266 τοῖς
2436 3188 2634 3272 ἔργοις
2679 3197 2792 3265 τῆς

400 3296 715 3376 ίατρικῆς,
762 3297 881 3369 τὰς
935 3298 1214 3379 άρχαίας
1264 3299 1464 3362 αὐτῶν
1512 3298 1924 3371 ἀπολιπόντες
1970 3298 2235 3382 τέχνας.
2327 3298 2536 3365 Nemo
2581 3298 2788 3385 igitur

400 3401 745 3467 mirabitur
804 3402 970 3488 quod
1036 3403 1257 3469 scribit
1302 3400 1585 3469 Galenus
1636 3401 1819 3468 Tom.
1867 3404 1953 3469 X.
2005 3424 2146 3492 pag.
2203 3403 2370 3470 915:
2420 3404 2471 3470 οί
2514 3403 2564 3468 δ’
2611 3402 2792 3467 ἄλλοι

402 3508 699 3586 μεθοδικοὶ
747 3510 992 3591 μυρίους
1041 3508 1504 3575 ἀποκτείνουσιν
1549 3508 1864 3590 ὁσημέραι.

500 3658 683 3727 Tom.
752 3660 868 3726 XI.
936 3683 1085 3750 pag.
1159 3664 1237 3729 3:
1308 3661 1641 3736 Μνησίθεος
1690 3662 1720 3725 ὃ
1765 3663 2120 3741 Ἀθηναῖος,
2168 3663 2315 3744 civim
2362 3661 2445 3728 τά
2495 3688 2566 3728 τε
2613 3660 2790 3729 ἄλλα

406 3766 610 3838 ἱκανὸς
678 3766 891 3832 πάντα
951 3770 1037 3834 τα
1092 3772 1201 3842 τῆς
1251 3767 1480 3850 τέχνης
1528 3767 1633 3831 καὶ
1686 3768 1770 3839 εἷς
1821 3762 1953 3833 ὅσον
2000 3770 2122 3850 χρὴ
2172 3769 2401 3849 μεθόδῳ
2449 3770 2556 3843 την
2602 3771 2793 3851 ἰατρι-

407 3876 517 3951 κὴν
577 3872 805 3954 τέχνην
873 3876 1088 3940 άσκεῖν
1150 3874 1379 3947 οὐδενὸς
1447 3874 1778 3953 ἐπιγνῶναι
1847 3875 2141 3957 δεύτερος.
2249 3876 2549 3942 Nobilem
2623 3875 2794 3941 hunc

407 3979 731 4047 medicum
792 3979 1145 4047 Alexandri
1202 3983 1428 4067 mag-ni
1473 3985 1679 4047 aetate
1725 3980 1993 4047 Athenis
2041 3981 2328 4049 floruisse
2373 3980 2651 4049 declarat
2697 3979 2794 4047 lo-

406 4106 519 4151 eus
564 4085 851 4152 Alexidis
897 4087 1065 4173 apud
1110 4086 1341 4153 Athen.
1387 4108 1535 4175 pag.
1584 4086 1714 4152 419
1742 4089 1808 4151 b:

884 4196 960 4266 ὡς
1010 4193 1119 4268 ἡδὺ
1158 4196 1287 4259 πᾶν
1333 4192 1404 4257 τὸ
1450 4191 1724 4273 μέτριον·
1774 4192 1896 4259 οὔθ’
1944 4194 2306 4276 ὑπεργέμων

884 4300 1247 4381 ἀπέρχομαι
1295 4304 1395 4366 νῦν
1440 4300 1581 4365 οὔτε
1630 4300 1835 4375 κενός,
1884 4298 2038 4365 άλλ’
2091 4302 2272 4376 ηδέως

887 4403 1050 4487 ἔχων
1096 4406 1403 4483 ἐμαυτοῦ·
1454 4408 1786 4482 Μνησίθεος
1836 4406 1960 4487 γάρ
2006 4414 2162 4490 φησι
2211 4407 2333 4475 δεῖν

889 4511 1156 4601 φεύγειν
1207 4512 1499 4579 άπάντων
1543 4513 1662 4589 τοὶς
1715 4514 2068 4601 ὑπερβολὰς
2116 4516 2238 4585 del.
