3414 5158
644 363 778 434 398
1718 382 1962 438 monae.

636 552 898 638 Aquilio
960 571 1084 618 oos.
1157 555 1587 619 constituisset
1646 555 1717 619 in
1763 554 1967 620 hortis
2013 575 2150 620 esse
2167 601 2184 632 ,
2231 553 2852 639 familiarissimique
2893 553 3041 618 eius

638 658 718 725 ad
765 677 915 724 eum
952 661 1310 746 frequenter
1352 679 1466 745 per
1511 679 1619 726 eos
1663 659 1800 726 dios
1847 660 2032 747 (nim.
2079 663 2266 727 ferias
2311 660 2574 727 Latinas
2590 707 2610 746 5
2655 681 2766 747 per
2789 659 3042 746 aliquot

636 765 775 832 dies
820 765 1191 856 celebratas)
1243 767 1641 845 „ventituros
1686 785 1756 833 se
1803 787 1938 833 esse
1985 767 2293 834 dixissent
2321 815 2340 842 ,
2391 766 2641 834 Latinis
2678 767 2828 852 ipsis
2849 785 3040 832 mane

636 872 717 938 ad
764 893 913 938 eum
945 920 961 938 .
984 919 999 936 .
1032 921 1047 936 .
1098 874 1277 939 venit
1324 871 1399 952 Q.
1451 870 1768 938 Ἔπειθ’.

726 977 913 1045 Nihil
958 978 1039 1044 ad
1084 981 1467 1044 sententiam
1515 978 1756 1045 confert
1801 985 1978 1064 ipsi-23
2029 1001 2143 1067 per
2179 978 2396 1066 plures
2437 979 2574 1047 dies
2605 983 2784 1046 erant
2801 979 2999 1045 feriae
3013 999 3032 1059 3

634 1088 711 1149 ut
772 1081 991 1149 nullus
1050 1103 1215 1148 unus
1274 1082 1671 1171 significetur
1735 1084 1890 1151 dies.
1984 1085 2494 1152 Saturnaliorum
2573 1088 2820 1172 primus
2901 1084 3038 1151 dies

635 1190 872 1255 dicitur
917 1191 1269 1254 Saturnalia
1301 1191 1509 1273 prim
1526 1237 1543 1269 ,
1594 1189 1900 1256 similiter
1943 1192 2257 1258 secundus
2297 1197 2362 1257 et
2403 1193 2632 1258 tertius
2671 1192 2930 1257 eeounda
2969 1195 3040 1257 et

636 1297 839 1361 ter-bia.
936 1294 1065 1364 Cic.
1132 1297 1273 1362 Att.
1324 1295 1517 1362 XIII.
1568 1295 1655 1362 52
1702 1299 1806 1362 in:
1877 1318 2066 1380 „cum
2125 1298 2414 1364 secundis
2461 1297 2908 1364 Saturnalibus
2953 1295 3038 1363 ad

632 1398 1009 1488 Philippum
1081 1404 1330 1488 vesperi
1392 1401 1741 1471 venisset”.
1835 1402 1920 1469 V.
1991 1404 2101 1469 20.
2168 1403 2207 1469 5
2278 1393 2764 1483 „Saturnalibus
2823 1403 3038 1469 tertiis

634 1529 784 1575 cum
832 1509 988 1574 haec
1035 1508 1456 1574 scribebam”.
1552 1508 1726 1574 XIII
1769 1509 1818 1574 l.
1845 1508 1892 1574 l.
1943 1508 2100 1588 „ille
2137 1512 2348 1576 tertiis
2389 1509 2834 1577 Saturnalibus
2865 1507 3036 1595 apud

632 1613 1013 1701 Philippum
1063 1613 1143 1680 ad
1190 1614 1415 1681 horam
1464 1615 1879 1700 septimam'’.
1973 1615 2218 1682 Eadem
2257 1615 2560 1702 loquendi
2585 1615 2750 1681 ratio
2771 1615 2849 1682 ad
2875 1601 3037 1681 alios

638 1729 887 1806 quoque
930 1719 1115 1787 ludos
1160 1723 1470 1807 pertiuet3
1519 1723 1783 1807 quintus
1829 1722 1966 1788 dies
2009 1721 2526 1809 Quinquatruum
2569 1722 2806 1788 dicitur
2827 1721 3034 1802 Quin-

639 1831 902 1914 quatrus
946 1828 1191 1892 atienae
1238 1847 1277 1894 a
1322 1827 1509 1894 Livio
1554 1826 1798 1893 XLIV.
1850 1827 1974 1894 20:
2028 1828 2274 1916 „legati
2323 1849 2401 1895 ex
2440 1826 2817 1911 Macedonia
2855 1828 3039 1912 quin-

638 1934 969 2020 quatribus
1032 1934 1287 2025 ultimis
1348 1933 1503 2000 adeo
1566 1937 1884 2018 expectati
1951 1940 2292 2014 venerunt,
2357 1933 2517 2000 ut-”.
2616 1933 2760 2000 Non
2805 1933 3034 2000 dubito

638 2041 795 2125 quin
862 2039 1037 2105 idom
1106 2041 1174 2104 in
1246 2039 1498 2105 Latinis
1569 2055 1818 2126 quoque
1890 2042 2134 2107 factum
2205 2043 2291 2106 sit
2354 2045 2420 2107 et
2488 2039 2675 2129 lego:
2751 2039 3040 2119 „Latinis

636 2143 899 2210 rams”
969 2163 1083 2229 pro
1151 2159 1337 2211 11³s1s.
1431 2143 1553 2230 (Do
1620 2144 2072 2213 Saturnalibus
2131 2147 2354 2230 primis
2423 2146 2494 2230 clf
2547 2144 2910 2215 Gronovius
2957 2145 3037 2212 ad

638 2248 778 2315 Liv.
842 2248 1058 2315 XXX.
1110 2248 1219 2315 36.
1269 2248 1313 2315 8
1332 2297 1349 2330 ,
1400 2251 1513 2315 ubi
1560 2255 1705 2317 ante
1753 2253 2156 2342 Madvigium
2203 2252 2572 2341 legebatur:
2627 2249 3030 2331 „Saturnali-

638 2355 757 2420 bus
818 2355 1142 2444 primis.”)
1234 2356 1551 2445 Dialogus
1596 2357 1675 2424 de
1721 2380 1790 2424 re
1834 2358 2096 2447 publica
2142 2379 2255 2446 per
2301 2359 2438 2426 dies
2483 2359 2860 2426 Latinarum
2909 2358 3036 2424 dis—

637 2464 919 2528 tributus
990 2467 1161 2542 erat;
1236 2467 1533 2531 convenit
1598 2465 1811 2552 igitur
1865 2467 2062 2551 primi
2130 2466 2525 2532 mentionem
2595 2465 2831 2532 factam
2903 2483 3038 2531 ems

640 2567 1183 2653 quemadmodum
1248 2573 1425 2637 tertii
1482 2573 1551 2637 in
1612 2553 1776 2638 libro
1834 2570 1951 2637 VI.
2017 2571 2098 2638 8:
2167 2577 2348 2652 „tum
2414 2569 2630 2659 Scipio
2648 2619 2665 2651 ,
2734 2571 3037 2658 patimini

640 2694 747 2740 me
764 2721 781 2753 ,
848 2678 1151 2761 quoniam
1214 2680 1479 2744 tertium
1542 2677 1716 2744 diem
1776 2679 1910 2744 iam
1967 2678 2178 2745 feriati
2225 2678 2514 2746 sumus'’.
2565 2716 2650 2729 —
2696 2678 2894 2745 Porro
2937 2676 3034 2743 le-

639 2780 921 2868 gendum
982 2783 1338 2869 frequentet
1348 2805 1367 2864 ς
1441 2784 1756 2852 adiectivo
1823 2783 1986 2851 solet
2051 2788 2151 2851 uti
2221 2782 2442 2853 Oicero
2491 2787 2660 2872 (raro
2703 2784 3032 2870 adverbio)

636 2891 773 2953 tam
820 2891 897 2953 ut
940 2909 1114 2972 saepe
1158 2908 1355 2975 quam
1395 2894 1470 2955 ut
1516 2891 1748 2955 crebros
1795 2892 1936 2958 sive
1980 2892 2282 2977 confertos
2327 2890 2665 2979 significet.
2735 2890 2921 2957 Nihil
2964 2891 3033 2955 in

636 2995 1015 3059 contrariam
1080 3002 1329 3081 partem
1390 2996 1617 3083 probat
1674 2996 1854 3063 locus
1915 3017 1955 3063 a
2013 2995 2425 3064 Steinaokero
2472 2997 2708 3064 allatus
2755 2996 2836 3063 ad
2882 2993 3029 3062 Att.

634 3098 688 3163 Ι.
760 3098 863 3165 19.
929 3099 1001 3179 5,
1050 3102 1165 3168 ubi
1208 3096 1535 3188 passivum
1582 3104 1850 3171 verbum
1913 3106 2048 3169 ost:
2116 3102 2310 3181 „huic
2353 3104 2715 3189 frequenter
2756 3105 3024 3169 interce-

634 3203 866 3270 ditur'’.
959 3206 1101 3273 Hoo
1148 3214 1316 3274 certe
1359 3208 1499 3275 loco
1545 3208 1938 3278 adiectivum
1991 3212 2356 3295 requiritur.
2406 3210 2504 3276 Ex
2549 3212 2848 3277 omnibus
2868 3256 2885 3288 ,
2909 3211 3024 3295 qui

639 3310 975 3396 frequentes·
1034 3333 1099 3380 se
1161 3314 1464 3382 affuturos
1510 3316 1834 3393 dixerant,
1874 3315 2114 3399 primus
2159 3314 2410 3383 'Pubero
2455 3320 2666 3397 venit3
2717 3319 2810 3383 sic
2855 3320 3028 3383 recte

634 3416 967 3483 scribitur:
1028 3420 1391 3505 frequentes
1462 3426 1528 3489 et
1575 3422 1833 3507 primus.
1931 3418 2100 3489 Cum
2173 3424 2530 3509 frequentes
2591 3423 2789 3489 otiam
2856 3427 3032 3489 recte

634 3524 909 3589 concinit
984 3546 1248 3603 „sumus
1296 3529 1465 3595 enim
1510 3527 1743 3605 multi,
1791 3531 1868 3592 ut
1913 3530 2368 3595 constituimus
2390 3579 2405 3605 ,
2445 3531 2659 3623 ‘parati
2705 3566 2792 3579 -
2843 3529 3024 3595 abuti

632 3633 846 3694 tecum
894 3631 1013 3697 hoc
1060 3633 1255 3711 otio”,
1306 3636 1425 3699 sub
1470 3632 1663 3699 finem
1710 3633 2114 3721 paragraphi.
2209 3634 2334 3700 Per
2371 3635 2802 3721 quadriduum
2833 3636 3024 3701 ferias

634 3732 897 3801 Latinas
962 3737 1309 3804 celebratas
1354 3758 1487 3804 esse
1534 3736 1856 3825 significat
1897 3739 2286 3805 Plutarchus
2335 3738 2518 3806 Cam.
2569 3738 2656 3805 42
2677 3787 2693 3817 ‚
2745 3738 2874 3825 fin.;
2925 3743 3024 3805 est

633 3844 849 3905 tamen
911 3844 1077 3927 quod
1140 3844 1219 3909 do
1268 3864 1341 3909 eo
1403 3845 1657 3910 dubites
1677 3891 1694 3923 ,
1755 3844 1922 3929 quod
1983 3847 2212 3911 tertius
2260 3852 2326 3911 et
2369 3850 2635 3931 quartus
2679 3844 2901 3913 eadem
2943 3844 3026 3912 de

632 3964 819 4013 causa
834 3997 852 4031 ‚
900 3955 1161 4034 propter
1206 3950 1603 4016 concordiam
1652 3950 1950 4015 ordinum
2001 3952 2367 4035 restitutam
2387 3998 2406 4035 ,
2455 3951 2658 4027 additi
2699 3951 3022 4036 dicuntur,

630 4048 741 4119 ille
788 4058 933 4139 post
980 4056 1253 4139 primam
1302 4058 1715 4122 secessionem
1763 4056 1830 4141 (a
1877 4056 2142 4143 Dionys.
2195 4055 2304 4121 VI.
2353 4055 2488 4143 95);
2535 4058 2641 4123 hic
2685 4064 2828 4142 post
2868 4076 3024 4122 con-

632 4157 917 4225 sulatum
964 4180 1113 4225 oum
1160 4160 1345 4246 plebe
1392 4164 1937 4228 communicatum
1986 4162 2049 4249 (a
2096 4162 2269 4228 Plut.
2321 4162 2504 4229 Oam.
2555 4164 2689 4250 42).
2785 4162 2940 4229 'Pres
2964 4164 3022 4228 si

630 4264 924 4351 fuerunt,
988 4268 1285 4333 omnibus
1335 4267 1714 4336 Latinarum
1762 4268 2165 4356 disputatum
2209 4273 2306 4335 est
2325 4318 2344 4355 ,
2391 4274 2456 4335 et
2502 4268 2738 4337 cadunt
2778 4268 2848 4334 in
2894 4270 3024 4334 sin·

630 4368 817 4463 gulos
862 4372 999 4440 dias
1044 4374 1171 4441 duo
1219 4373 1390 4440 libri.
