3414 5158
23 6 708 314 s—

1371 986 1829 1071 NOV101884

857 1252 1419 1349 HOMERICA
1484 1184 2168 1363 POSTERIORA.

1384 1529 1666 1579 scnn’sl‘r

1238 1762 1307 1829 S.
1352 1767 1428 1829 A.
1479 1762 1539 1829 N
1544 1760 1792 1827 ABER.

1133 1952 1407 2037 (Gordiu.
1450 1974 1482 2017 e
1516 1974 1661 2035 paq.
1712 1949 1896 2035 214).

1407 2309 1650 2335 *we-—

417 2611 672 2700 Trojani
733 2609 890 2678 belli
952 2612 1324 2696 scriptorem
1385 2613 1596 2694 ipsum
1664 2615 1810 2676 ante
1873 2608 2077 2697 relegi
2094 2657 2111 2688 ‚
2177 2629 2367 2694 quam
2433 2610 2721 2698 digerere

328 2721 505 2806 coepi
554 2741 626 2785 ea
672 2737 834 2805 quae
881 2715 1038 2781 olim
1087 2716 1168 2782 ad
1217 2714 1484 2781 Iliadem
1525 2716 1910 2801 pertinentia
1948 2715 2325 2782 adversariis
2369 2720 2529 2782 meis
2552 2739 2721 2784 com-

328 2829 627 2892 miseram
655 2872 671 2904 ,
737 2829 812 2889 ut
872 2821 1155 2888 viderem
1219 2820 1534 2906 numquid
1597 2820 1761 2886 forte
1822 2841 1925 2886 me
1968 2820 2243 2907 fugisset
2289 2841 2508 2888 eorum
2556 2843 2719 2910 quae

327 2933 604 2999 facerent
665 2928 743 2995 ad
805 2931 1194 3013 suspiciones
1257 2946 1434 2994 meas
1493 2931 1604 2992 aut
1665 2924 2125 2992 confirmandas
2173 2932 2285 2992 aut
2304 3009 2309 3016 .
2330 2926 2719 2993 evertendas.

328 3037 389 3104 N
392 3058 472 3103 on
518 3058 690 3103 eram
740 3037 1024 3100 intentus
1071 3034 1150 3100 ad
1177 3053 1362 3120 *nova
1409 3031 1802 3118 quaerenda,
1851 3051 2001 3097 nam
2044 3033 2315 3097 minime
2353 3031 2721 3098 laborabam

327 3145 543 3230 inopia
565 3191 580 3216 ‚
653 3141 762 3208 sed
823 3143 1096 3226 repetita
1156 3139 1346 3206 lectio
1411 3144 1628 3205 tamen
1693 3158 1819 3205 non
1868 3137 1994 3204 fuit
2040 3139 2177 3204 sine
2222 3136 2471 3216 fructu3
2518 3137 2724 3206 veluti

328 3251 547 3314 statim
595 3247 769 3312 haesi
817 3245 894 3310 ad
943 3247 1000 3310 A
1049 3243 1170 3320 46,
1218 3266 1410 3331 quem
1456 3244 1673 3312 locum
1714 3245 1955 3311 millies
1997 3245 2135 3311 sine
2170 3245 2512 3312 offensione
2552 3246 2724 3335 lege-

329 3375 489 3420 ram.
556 3353 912 3419 Notissima
959 3351 1155 3418 verba
1199 3356 1383 3416 sunt:

559 3455 636 3529 ὣς
683 3454 877 3537 ἔφατ’
922 3455 1293 3536 εὐχόμενος,
1339 3459 1449 3520 τοῦ
1493 3455 1550 3520 δ’
1599 3455 1780 3522 ἔκλυε
1828 3456 2049 3536 Φοῖβος
2110 3455 2479 3524 Ἀπόλλων·

564 3563 653 3642 βῆ
693 3562 758 3628 δὲ
808 3562 955 3627 κατ’
1006 3562 1374 3640 Οὐλύμποιο
1422 3562 1694 3641 καρήνων
1741 3563 2051 3646 χωόμενος
2102 3573 2249 3645 κῆρ,

559 3667 691 3745 τόξ’
741 3667 984 3747 ὤμοισιν
1030 3665 1191 3750 ἔχων
1239 3667 1634 3750 ἀμφηρεφέα
1683 3693 1754 3734 τε
1803 3669 2133 3752 Φαρέτρην.

330 3775 508 3843 Haec
551 3776 786 3863 prob0‚
835 3774 944 3840 sed
992 3777 1292 3840 continuo
1338 3774 1454 3840 illa
1500 3781 1882 3861 sequuntur:

567 3879 894 3959 ἔκλαγξαν
942 3877 999 3943 δ’
1046 3878 1140 3960 ἄρ’
1187 3879 1330 3948 διε-οὶ
1382 3879 1485 3945 ἐπ’
1537 3881 1714 3960 ὤμων
1758 3879 2202 3962 χωομένοιο

561 3988 816 4051 αὐτοῦ
863 3983 1392 4058 κινηθέντος·
1439 3986 1468 4051 ὅ
1518 3983 1572 4051 δ’
1618 3987 1741 4062 ἤιε
1789 3987 2019 4053 νυκτὶ
2072 3986 2374 4062 ἐοικώς.

424 4091 720 4156 Primum
760 4090 867 4155 hic
906 4089 1167 4156 offendit
1205 4093 1511 4157 iteratum
1555 4093 1966 4179 participium
2007 4093 2374 4175 χωομένοιο·
2388 4095 2525 4182 jam
2553 4096 2724 4161 enim

334 4198 584 4262 dixerat
619 4203 808 4282 poeta
843 4197 1082 4260 iratum
1125 4195 1314 4260 deum
1357 4216 1493 4263 esse
1534 4217 1605 4262 ac
1640 4205 1962 4284 praeterea
1988 4199 2308 4265 inutiliter
2328 4202 2460 4265 irae
2484 4203 2729 4267 mentio

332 4301 440 4368 fit:
506 4301 661 4368 haec
723 4303 895 4366 enim
957 4319 1085 4366 non
1131 4321 1319 4366 causa
1365 4301 1492 4367 fuit
1537 4324 1651 4369 cur
1696 4307 1972 4393 sagittae
2019 4304 2383 4393 clangorem
2434 4305 2726 4392 ederent,

333 4408 442 4474 sed
491 4409 626 4494 ipsa
676 4406 994 4484 celeritas,
1046 4426 1170 4492 qua
1216 4405 1372 4472 deus
1418 4407 1496 4473 de
1545 4407 1828 4496 Olympo
1877 4409 2159 4478 desiluit.
2252 4411 2473 4497 Neque
2526 4415 2728 4480 iratus

336 4511 573 4604 Apollo
633 4519 728 4582 est
793 4515 951 4580 Aen.
1005 4512 1097 4579 IV
1149 4512 1278 4580 149
1324 4513 1430 4582 vel
1476 4513 1570 4580 IX
1623 4515 1794 4603 660,
1848 4537 1991 4584 cum
2047 4519 2167 4583 tela
2216 4529 2433 4583 sonant
2476 4521 2735 4588 humeris
