3414 5158
1425 355 1616 401 mum
1625 353 1785 401 alca.
1906 391 1921 402 .
2707 335 2791 400 39

413 517 802 603 Apollinem,
867 538 1071 602 neque
1131 518 1278 583 deos
1337 538 1539 602 neque
1601 516 1906 582 mortales
1967 515 2165 581 solere
2227 518 2293 579 in
2341 515 2598 599 publico
2645 536 2793 582 cum

413 624 776 711 virginibus
840 624 1252 689 concumbere
1270 673 1288 706 ,
1354 624 1533 707 quasi
1595 625 1974 687 maritorum
2038 642 2183 686 cum
2237 623 2541 686 uxoribus
2586 627 2794 686 essent

413 729 785 808 κυνογῶμια.
837 729 1070 795 Editur
1117 737 1366 794 tamen:

957 833 1018 900 ἔν
1062 859 1132 899 τε
1181 835 1330 907 θεοῖς
1379 839 1556 899 τοῦτο
1607 835 1969 914 κοένθρώποις
2018 835 2179 910 ὁμῶς

683 941 963 1019 αἰδέοντ’,
989 927 1342 1023 4ἀμφανδὸν
1389 941 1600 1013 ἁδείας
1650 948 1869 1022 τυχεῖν
1915 940 2001 1004 τὸ
2050 949 2356 1020 πρῶτον
2402 943 2604 1013 εὐνᾶς.

376 997 838 1114 ‘Commendm
903 1047 988 1112 τὸ
1051 1047 1475 1134 παράπαν,
1518 1048 1596 1112 cf.
1645 1046 1842 1134 Pyth.
1889 1045 1986 1112 XI
2035 1045 2119 1112 39
2168 1053 2233 1112 et
2275 1046 2461 1112 Nem.
2512 1045 2632 1112 VII
2680 1045 2789 1114 45.

497 1259 661 1348 Agit
722 1258 963 1328 Contus
1009 1283 1082 1328 eo
1128 1263 1268 1328 loco
1316 1283 1506 1348 quem
1553 1262 1744 1327 modo
1788 1261 2128 1326 laudabam
2178 1261 2255 1326 de
2300 1261 2520 1326 formis
2568 1262 2789 1328 decur-

405 1368 560 1432 tatis
621 1370 846 1432 tertiae
893 1389 1191 1452 personae
1215 1418 1232 1444 ,
1281 1367 1643 1433 cuiusmodi
1689 1374 1839 1432 sunt
1886 1366 2042 1442 ἔβαν
2064 1418 2083 1440 ,
2135 1366 2266 1430 ἔδυν
2314 1373 2379 1430 et
2425 1367 2787 1438 ἀλλήλοισιν

407 1470 561 1552 ἔφυν
625 1473 1045 1550 ἐπαμοιβαδίς
1108 1479 1172 1538 et
1227 1468 1376 1538 sim.
1447 1473 1690 1538 Deinde
1754 1479 1925 1537 recte
1986 1473 2263 1537 ostendit
2308 1471 2505 1557 Pyth.
2557 1471 2653 1536 IX
2702 1473 2787 1538 79

407 1599 556 1644 cum
605 1577 894 1642 Ahrente
941 1577 1112 1655 ἔγνον
1161 1578 1566 1643 scribendum
1616 1599 1749 1641 esse
1770 1626 1787 1659 ,
1838 1579 2029 1640 sicuti
2074 1576 2269 1661 Pyth.
2321 1576 2408 1642 IV
2447 1576 2576 1641 120
2616 1577 2788 1656 ἔγνον

409 1684 487 1747 ab
533 1681 814 1746 librariis
864 1685 1066 1746 amice
1117 1685 1501 1768 porrigitur,
1551 1681 1717 1765 quod
1768 1687 2089 1765 praeterea
2126 1683 2319 1745 metri
2358 1680 2501 1767 lege
2540 1681 2790 1774 flagita·

409 1793 531 1851 tur.
581 1787 727 1853 Non
773 1807 1031 1872 possum
1081 1806 1464 1871 concoquere
1513 1786 1778 1872 Bergkii
1826 1786 2458 1870 inconsiderantiam,
2504 1789 2615 1871 qui
2652 1789 2790 1872 ipsa

409 1895 477 1958 vi
523 1894 814 1958 veritatis
862 1898 1116 1957 coactus
1159 1892 1264 1956 hic
1311 1892 1482 1969 ἔγνον
1531 1891 1863 1976 amplexus
1909 1897 2030 1967 est,
2086 1912 2279 1975 quam
2325 1891 2600 1956 formam
2647 1895 2784 1978 ipse

406 1997 626 2062 scribit
671 1999 868 2063 etiam
915 1999 984 2061 in
1031 1997 1270 2063 tabulis
1315 1996 1841 2063 Heracleensibus
1887 1999 2158 2062 inveniri
2177 2047 2195 2082 ,
2242 2017 2395 2064 mox
2444 2004 2661 2066 tamen
2706 2001 2786 2065 ad

405 2100 592 2178 ἔγνων
640 2101 806 2167 redit
851 2102 1044 2189 Pyth.
1093 2101 1192 2172 IX
1241 2101 1324 2170 ’79
1375 2108 1438 2168 et
1483 2101 1753 2180 ἀνέγνων
1804 2101 2031 2167 Isthm.
2080 2102 2150 2168 II
2190 2102 2295 2168 23.
2345 2103 2528 2170 Idem
2570 2111 2786 2171 tamen

403 2205 633 2272 Isthm.
695 2206 728 2271 Ι
785 2206 872 2272 25
937 2229 1016 2272 ex
1065 2210 1426 2274 coniectura
1471 2209 1724 2293 scripsit
1767 2205 1852 2272 ἵεν
1900 2214 1963 2272 et
2008 2208 2202 2294 Pyth.
2256 2208 2287 2272 Ι
2336 2207 2423 2274 42
2471 2208 2625 2290 ἔφυν
2671 2231 2784 2296 pro

404 2310 648 2392 ἔφυσαν
665 2360 682 2391 ,
730 2315 922 2378 sicuti
970 2314 1139 2398 apud
1185 2312 1541 2378 Homerum
1588 2314 1815 2378 itidem
1863 2313 2042 2380 brevi
2090 2314 2339 2400 syllaba
2386 2319 2780 2381 terminatur.

400 2418 544 2485 Non
589 2420 936 2484 admodum
986 2419 1168 2484 utilis
1205 2420 1373 2483 mihi
1411 2418 1666 2484 videtur
1699 2420 1999 2486 adversus
2036 2419 2393 2507 Bergkium
2435 2422 2781 2507 disputatio

401 2523 480 2589 de
539 2545 607 2591 re
669 2529 805 2589 tam
866 2527 1119 2590 minuta
1177 2544 1374 2608 eoque
1433 2523 1729 2589 inutilius
1774 2525 2097 2605 φιλονίκως
2150 2525 2227 2590 de
2274 2545 2425 2592 vera
2469 2529 2781 2611 scriptura

403 2630 892 2715 disceptabitur‚
969 2634 1119 2715 quia
1185 2631 1484 2695 novimus
1524 2630 1617 2694 -id
1681 2630 1848 2714 quod
1906 2632 2043 2713 ipse
2090 2630 2409 2718 Bergkius
2457 2632 2778 2713 concedit,

397 2751 656 2821 poetam
713 2741 926 2801 vetere
983 2735 1296 2801 scribendi
1344 2756 1574 2822 genere
1621 2755 1811 2799 usum
1862 2755 1995 2799 esse
2046 2755 2159 2799 nec
2207 2736 2571 2801 distinxisse
2614 2739 2781 2801 inter

399 2842 622 2909 breves
692 2847 758 2907 et
817 2840 1042 2927 longas
1104 2841 1371 2908 vocales.
1436 2839 1654 2905 Unum
1718 2846 1813 2905 est
1878 2840 2043 2924 quod
2092 2846 2344 2928 rogatos
2389 2841 2587 2907 velim
2635 2863 2739 2909 eos
2758 2894 2776 2927 ,

399 2949 511 3033 qui
569 2949 638 3013 in
684 2968 751 3012 re
800 2949 1023 3011 critica
1069 2946 1398 3033 analogiae
1443 2954 1507 3011 et
1553 2966 1741 3010 sanae
1786 2947 2015 3011 rationi
2060 2950 2297 3032 negent
2342 2949 2581 3031 primas
2626 2949 2809 3013 dan--

401 3052 511 3117 das
572 3074 723 3117 esse.
819 3051 1241 3117 Commendat
1303 3051 1621 3138 Bergkius
1683 3051 1849 3134 quod
1914 3054 2109 3116 etiam
2174 3051 2519 3117 Larochius
2577 3053 2776 3119 edidit

397 3156 569 3222 Iliad.
616 3156 706 3223 IV
757 3156 926 3223 146:
977 3157 1232 3231 μιάνθην
1282 3153 1508 3231 αἵματι
1559 3156 1773 3233 μηροί,
1825 3156 1985 3221 hanc
2033 3159 2203 3221 enim
2254 3158 2524 3222 formam
2570 3164 2774 3225 metro

393 3263 689 3328 stabiliri.
781 3262 905 3328 Sed
973 3264 1051 3328 ad
1123 3283 1264 3327 eam
1335 3282 1566 3326 novam
1631 3260 1843 3325 lucem
1911 3261 2220 3346 quomodo
2284 3266 2476 3327 metri
2520 3262 2775 3351 legibus

393 3369 798 3437 consulemus
847 3368 1070 3454 Odyss.
1123 3368 1177 3431 V
1227 3367 1392 3432 481:
1443 3368 1803 3440 ἀλλήλοισιν
1853 3366 2007 3447 ἔφυν
2056 3368 2526 3446 ἐπαμοιβαδίς-Ρ
2575 3368 2771 3435 Scho-

391 3474 580 3540 liasta
639 3475 746 3541 hic
791 3484 958 3541 certe
1003 3476 1226 3540 scribit
1271 3477 1339 3538 in
1392 3471 1546 3554 ἔφυν
1592 3472 1893 3537 ultimam
1945 3472 2263 3559 syllabam
2312 3495 2445 3540 esse
2492 3476 2770 3541 brevem.

392 3578 552 3645 Tam
615 3579 860 3647 bellum
922 3581 1088 3645 mihi
1147 3581 1402 3647 videtur
1459 3579 1714 3657 μιάνθην
1761 3600 1873 3664 pro
1920 3578 2293 3655 ἐμιάνθήσαν
2341 3601 2533 3665 quam
2583 3580 2770 3660 ἔφευν

389 3704 501 3767 pro
546 3683 805 3764 ἔφυσαν.
855 3686 1058 3750 Affert
1102 3683 1339 3750 Contus
1379 3684 1592 3749 locum
1637 3706 1715 3749 ex
1754 3681 2038 3749 Orameri
2062 3685 2436 3750 Anecdotis:
2470 3684 2767 3769 ἔγνωσαν,

391 3788 692 3865 ἐβίωσαν,
745 3791 848 3854 καὶ
897 3792 1042 3854 κατ’
1089 3793 1405 3863 ἀποκοπὴν
1455 3788 1744 3867 ἔγνων·
1796 3790 1904 3861 τήν
1949 3788 2074 3868 γαρ
2114 3791 2603 3867 παραλήγουσαν
2628 3790 2765 3871 ἔχει

390 3901 499 3967 τῆς
569 3903 866 3974 μετοχῆς.
961 3895 1129 3961 Hinc
1177 3898 1389 3980 quivis
1437 3896 1783 3979 reposuerit
1832 3892 1927 3970 ἔγ
1949 3918 2063 3958 νον
2084 3942 2101 3971 ,
2150 3895 2258 3959 sed
2300 3894 2582 3985 Bergkio
2631 3903 2765 3963 tam

390 3999 696 4065 disertum
761 4004 1198 4067 testimonium
1261 4000 1606 4070 molestum
1655 4006 1751 4065 est
1795 4001 2012 4084 itaque
2058 4000 2252 4066 edicit
2297 4004 2533 4068 inserta
2578 4024 2767 4091 nega-

387 4108 557 4171 tione
619 4106 1089 4171 rescribendum
1139 4125 1311 4172 esse:
1363 4108 1470 4181 τῆν
1520 4106 2009 4184 παραλήγουσαν
2054 4110 2191 4172 οὐκ
2241 4106 2374 4187 ἔχει
2424 4117 2537 4181 τῆς
2585 4133 2769 4186 μετο-

387 4220 528 4291 χῆς.
625 4210 766 4277 Non
814 4209 994 4275 lubet
1038 4211 1157 4275 hoc
1205 4218 1638 4277 commentum
1685 4212 1995 4289 refutare3
2044 4212 2151 4277 sed
2200 4214 2251 4277 εΞ
2305 4216 2478 4291 ἡμεῖς
2520 4216 2573 4279 οἱ
2614 4216 2765 4279 Ὅλ-

385 4316 594 4381 muto}
640 4316 809 4381 τοῦτ’
858 4317 1174 4391 ἐποιοῦμεν
1220 4318 1253 4390 ἢ
1305 4318 1408 4381 καὶ
1459 4318 1510 4381 οἱ
1559 4320 1973 4395 Ἀμφισσεῖς,
2024 4320 2228 4393 ἡλίκος
2268 4318 2510 4397 θόρυβος
2555 4318 2630 4386 ἂν
2659 4316 2763 4393 ήνῐ

387 4421 697 4506 Equidem
760 4423 983 4488 tenebo
1045 4422 1210 4507 quod
1274 4428 1420 4487 ante
1483 4421 1719 4488 multos
1764 4443 1957 4488 annos
2006 4426 2176 4509 apud
2221 4424 2579 4493 Hesiodum
2624 4449 2765 4512 pro-
