3414 5158
662 355 749 431 :36
1670 384 2033 435 mmmm.

651 546 948 633 progredi
1009 546 1255 613 debeas.
1319 546 1538 613 Veluti
1583 548 1909 633 pullulant
1958 551 2226 617 vitiosae
2270 550 2500 614 horum
2550 550 3040 635 compositorum

651 653 892 718 formae
959 655 1030 717 in
1089 673 1163 718 ea
1227 654 1503 738 epistula
1558 676 1719 739 quae
1766 659 1933 722 inter
1983 655 2295 721 Iulianeas
2344 655 2433 719 24
2480 664 2614 735 est,
2664 678 2779 722 nec
2826 662 3040 723 tamen

653 760 900 825 Atticas
959 759 1196 825 formas
1253 781 1404 825 cum
1453 758 1690 827 Cobeto
1737 762 1973 847 ubique
2020 782 2314 846 reponere
2363 764 2569 827 ausim
2598 812 2615 840 ,
2668 784 2816 827 cum
2864 784 3041 847 prae-

654 866 875 929 sertim
921 885 1046 930 non
1092 864 1540 950 Imperatorem
1590 869 1682 932 ibi
1732 869 1949 933 audire
1995 868 2159 932 mihi
2207 868 2426 934 videar
2446 915 2463 947 ,
2514 868 2625 934 sed
2674 849 3045 953 Sophistam'

652 972 964 1056 ineptum.
1060 969 1187 1037 Sed
1247 973 1326 1038 ad
1378 973 1723 1038 Pindarum
1772 974 1977 1039 redeo.
2070 973 2285 1039 Habet
2338 974 2477 1052 hic,
2528 975 2696 1059 quod
2744 994 2869 1040 non
2921 976 3041 1039 mi-

649 1097 902 1155 ramur,
947 1078 1354 1156 ἑκατόγγυιος
1397 1082 1466 1143 in
1489 1080 1851 1167 fragmento
1874 1081 2181 1165 quodam,
2216 1080 2746 1158 ἑκατογκεφάλας
2774 1078 3035 1166 Olymp.

647 1181 736 1249 IV
785 1181 824 1249 ’7
873 1188 938 1249 et
984 1183 1432 1265 ἑκατόγκρανος
1481 1185 1677 1273 Pyth.
1732 1185 1900 1251 VIII
1954 1186 2057 1251 16.
2109 1185 2233 1253 Sed
2283 1188 2395 1252 vix
2439 1190 2651 1272 potuit
2690 1187 2863 1251 idem
2890 1187 3039 1251 scri-

650 1288 796 1355 bere
840 1288 1037 1377 Pyth.
1088 1291 1121 1355 I
1173 1290 1294 1361 16:

1105 1399 1334 1479 Τυφὼς
1386 1398 2184 1479 ἑκατοντακάρανος·
2234 1399 2367 1464 τόν
2414 1422 2565 1463 ποτε

1105 1504 1371 1569 Κιλίκιον
1421 1504 1633 1584 θρέψεν
1679 1494 2070 1584 πολυώνυμον
2118 1503 2350 1585 ἄντρον.

647 1603 818 1671 Satis
864 1606 1072 1675 facilis
1119 1612 1420 1676 correctio
1469 1616 1597 1676 est:

1101 1718 1333 1798 Τυφὼς
1384 1718 2132 1798 ἑκατογκεφάλας·
2180 1716 2477 1796 τόνπερ
2523 1716 2693 1782 ποτέ.

650 1818 815 1887 Vide
860 1823 916 1885 si
961 1823 1127 1887 tanti
1173 1827 1268 1887 est
1315 1821 1574 1909 Olymp.
1623 1822 1715 1889 IV
1765 1822 1803 1888 7
1855 1830 1917 1888 et
1964 1823 2159 1909 Pyth.
2212 1820 2374 1887 vm
2422 1820 2532 1889 39.

737 2034 931 2122 Pyth.
983 2035 1014 2102 1
1061 2035 1148 2100 60
1194 2036 1498 2123 languide
1545 2036 1709 2101 mihi
1758 2034 2001 2100 dictum
2051 2036 2340 2103 videtur:
2393 2032 2509 2111 ἄγ’
2558 2033 2753 2098 ἔπειτ’
2806 2032 3035 2107 Αἴτνας

647 2141 916 2219 βασιλεῖ
953 2142 1160 2224 φίλιον
1211 2142 1662 2222 ἐξεύρωμεν
1710 2140 1892 2219 ὕμνον
1933 2147 1998 2207 et
2036 2141 2263 2207 malim
2307 2138 2811 2221 ἐξάρχωμεν,
2844 2142 3036 2206 sicuti

648 2254 817 2313 recte
861 2246 1102 2336 legitur
1148 2249 1335 2315 Nem.
1384 2248 1446 2313 II
1493 2248 1615 2314 25:
1666 2247 1975 2325 άδυμελεῒ
2016 2247 2068 2311 δ’
2120 2246 2422 2327 ἐξάρχετε
2470 2253 2670 2331 φωνᾷ.

737 2462 808 2529 In
857 2465 1146 2547 sequenti
1193 2465 1472 2529 carmine
1520 2484 1613 2530 vs.
1663 2462 1751 2529 26
1798 2484 1923 2529 non
1967 2464 2100 2529 fero
2140 2463 2308 2547 quod
2347 2463 2424 2527 de
2458 2461 2673 2527 Ixione
2713 2459 3027 2547 legimus:

649 2568 971 2647 εὐμενέσσι
1033 2570 1159 2650 γὰρ
1224 2570 1397 2651 παρὰ
1460 2571 1768 2650 Κρονίδαις
1835 2570 2074 2649 γλυκὺν
2134 2568 2327 2634 ἑλὼν
2372 2568 2579 2646 βίοτον
2626 2565 2859 2646 μακρὸν
2909 2567 3027 2647 οὐχ

648 2674 968 2752 ὑπέμεινεν
1031 2673 1251 2754 ὄλβον,
1317 2698 1468 2742 nam
1513 2681 1569 2741 si
1618 2677 1919 2742 mortales
1965 2682 2220 2762 possent
2266 2675 2505 2752 γλυκὺν
2553 2675 2739 2752 αἱρεῖν
2783 2672 3025 2751 βίοτον,

646 2781 972 2866 aliquanto
1033 2784 1250 2846 minus
1311 2781 1628 2846 malorum
1691 2784 1811 2844 snb
1868 2780 2023 2845 luna
2069 2781 2264 2856 foret,
2314 2801 2517 2864 neque
2566 2780 2705 2842 θεῶν
2754 2777 3029 2856 ἐρικυδέα

647 2885 802 2966 δῶρα
851 2889 1188 2972 quisquam
1240 2885 1382 2950 ἑκὼν
1431 2885 1507 2948 ἂν
1559 2882 1773 2948 ἕλοιτο.
1847 2885 2033 2959 Quod
2071 2886 2257 2950 Ixion
2296 2885 2601 2961 habebat,
2646 2885 2715 2950 id
2754 2884 3028 2949 habebat

650 2991 912 3056 deorum
995 2989 1328 3055 beneficio:
1404 2991 1642 3067 γλυκὺν
1704 2989 1911 3069 ἔχων
1975 2991 2200 3066 βίοτον.
2296 2989 2421 3055 Sed
2483 2995 2649 3055 recte
2713 2989 2908 3075 Pyth.
2972 2986 3026 3051 V

644 3095 769 3160 20:
810 3093 992 3177 εὖχος
1033 3097 1140 3172 ἤδη
1183 3095 1356 3177 παρὰ
1395 3095 1687 3168 Πυθιάδος
1730 3091 1937 3169 ἵπποις
1982 3097 2163 3174 ἑλών,
2208 3095 2312 3162 vel
2353 3095 2550 3182 Pyth.
2580 3095 2677 3161 XI
2704 3095 2811 3172 55,
2840 3093 3021 3159 alibi.

733 3310 878 3376 Non
937 3310 1104 3374 mihi
1163 3310 1510 3395 persuadeo
1559 3310 1910 3376 Pindarum
1958 3311 2155 3396 Pyth.
2204 3310 2310 3375 III
2358 3308 2444 3376 27
2494 3307 2861 3392 Apollinem
2911 3327 3025 3392 ap-

643 3415 881 3500 pellare
937 3418 1216 3500 potuisse
1264 3439 1396 3480 ναο
1416 3421 1449 3479 ῦ
1495 3417 1799 3493 βασιλέα.
1896 3415 2110 3482 Donec
2156 3415 2437 3480 similem
2488 3413 2875 3478 locutionem
2924 3435 3023 3477 re-

643 3541 895 3606 perero,
945 3523 1114 3608 apud
1161 3521 1318 3588 alios
1364 3529 1565 3599 certe,
1615 3544 1767 3588 nam
1815 3526 1969 3587 satis
2020 3521 2261 3587 confido
2311 3522 2477 3606 apud
2526 3521 2879 3585 Pindarum
2929 3518 3023 3583 nil

645 3627 772 3693 tale
820 3634 1068 3706 extare,
1119 3629 1575 3694 commendabo
1625 3630 1897 3692 Δάλου
1944 3627 2242 3705 βασιλέα.
2292 3626 2397 3692 Sic
2434 3627 2608 3691 idem
2646 3626 2801 3691 deus
2825 3624 3019 3712 Pyth.

643 3731 676 3797 I
724 3731 807 3797 39
872 3739 968 3800 est
1031 3733 1245 3798 Δάλου
1302 3734 1584 3798 άνάσσων
1645 3740 1711 3798 et
1774 3732 2030 3820 Olymp.
2097 3732 2187 3797 VI
2250 3730 2368 3800 59:
2436 3731 2758 3812 τοξοφόρος
2810 3731 3022 3796 Δάλου

643 3839 990 3918 θεοδμάτας
1037 3840 1287 3913 σκοπός.
1386 3841 1614 3927 Apollo
1659 3841 1909 3906 habitat
1953 3841 2018 3903 in
2068 3838 2250 3915 aede,
2306 3838 2415 3904 sed
2463 3839 2633 3903 aedis
2679 3856 2792 3903 rex
2836 3858 3024 3901 num·

644 3966 838 4030 quam
879 3947 1111 4012 dicitur
1134 3994 1149 4025 ,
1188 3966 1339 4011 nam
1380 3949 1633 4030 imperii
1672 3945 1825 4010 fines
1862 3945 2067 4009 multo
2104 3945 2299 4009 latius
2338 3943 2784 4009 extenduntur.
2831 3942 3023 4006 Vides

643 4061 861 4118 autem
908 4073 1101 4137 quam
1148 4051 1309 4117 lenis
1356 4054 1631 4116 mutatio
1676 4055 1761 4115 sit
1807 4058 2075 4132 (NAOT
2106 4087 2187 4099 -
2216 4051 2567 4136 ΔΑΛΟΤ).

735 4266 809 4330 In
876 4267 1095 4331 eodem
1160 4265 1434 4330 carmine
1494 4284 1587 4329 vs.
1639 4262 1722 4328 41
1774 4267 2128 4348 imponitur
2174 4266 2243 4328 in
2291 4281 2444 4350 rogo
2491 4281 2714 4344 corpus
2762 4257 3018 4324 Coroni-

643 4371 780 4455 dis,
829 4393 991 4457 quae
1034 4389 1116 4437 ex
1163 4359 1478 4457 Apolline.
1501 4371 1769 4456 gravida
1820 4377 1972 4435 erat.
2020 4370 2189 4435 Tum
2230 4370 2413 4435 deus:
2459 4365 2658 4432 οὐκέτι
2696 4364 3017 4442 τλάσομαι

644 4482 832 4561 ψυχᾷ
891 4475 1065 4556 γένος
1115 4477 1276 4556 άμὸν
1319 4475 1663 4541 ὀλέσσαι
1713 4476 2082 4556 οἱκτροτάτῳ
2130 4475 2393 4556 θανάτῳ.
2464 4473 2703 4540 Verum
2756 4472 3017 4558 quidem
