3414 5158
764 1230 911 1320 AD
969 1229 1522 1320 CICERONIS
1581 1229 2399 1320 PALIMPSESTOS.

1103 1465 1533 1551 (Continuam
1580 1487 1652 1529 ex
1683 1487 1829 1549 paq.
1880 1463 2063 1551 386.)

1349 1768 1783 1802 *ffi-

482 2025 556 2090 In
617 2024 952 2091 'summu
1015 2046 1215 2111 pauca
1273 2030 1421 2091 sunt
1444 2075 1462 2108 ‚
1525 2013 1684 2112 quae
1732 2031 2035 2113 utroque,
2086 2027 2462 2095 Teurinensi
2513 2038 2576 2096 et
2623 2033 2780 2099 Am-

392 2133 714 2216 brosiam,
765 2134 1194 2197 continentur:
1245 2133 1280 2216 ᾖ
1330 2131 1368 2197 7
1416 2150 1731 2199 Pnotnffln
1778 2152 1983 2200 PARET
2030 2151 2197 2200 Dono
2245 2153 2422 2201 mm
2459 2158 2659 2223 usque
2698 2139 2779 2204 ad

397 2237 476 2303 11
545 2245 800 2301 armatos
845 2239 1050 2301 datum
1097 2249 1278 2322 esset,
1327 2241 1542 2303 omnia
1586 2238 1811 2304 eadem
1856 2247 2103 2325 praeter
2150 2262 2248 2306 res
2295 2242 2601 2326 quasdam
2648 2265 2774 2330 pu-

391 2342 601 2420 sillae,
666 2342 872 2408 veluti
933 2351 1034 2428 nt,
1099 2351 1155 2408 et
1173 2393 1190 2428 ,
1253 2367 1352 2407 -ue
1370 2391 1386 2421 ,
1435 2367 1553 2408 -re-
1599 2345 1867 2428 (videtwr
1909 2367 2023 2430 pro
2070 2348 2377 2412 videretur
2425 2347 2489 2432 9,
2538 2350 2657 2415 sub
2702 2350 2778 2437 f.)

392 2451 661 2534 omissa,
706 2457 762 2513 et
801 2469 914 2534 pro
960 2473 1031 2512 oa,-
1075 2449 1176 2527 (Τ.
1229 2449 1337 2525 10,
1387 2451 1582 2527 init),
1629 2459 1807 2536 atque
1850 2473 1962 2536 pro
2010 2460 2067 2516 et
2111 2453 2214 2537 (A.
2260 2451 2323 2537 8,
2366 2454 2533 2520 med.
2578 2473 2780 2521 ΑΒΜ-

392 2574 648 2622 ΡΙΒΝῊΑ
709 2556 920 2641 prima
978 2575 1204 2621 manus
1223 2606 1240 2629 ‚
1289 2557 1334 2620 i-.
1367 2574 1418 2620 e.
1467 2556 1598 2640 adq.
1651 2556 1951 2639 capientia
1999 2557 2187 2623 solito
2236 2559 2607 2645 compendio
2630 2610 2645 2639 ‚
2697 2562 2773 2643 Q.

394 2667 461 2727 et
520 2679 554 2727 s
615 2664 685 2725 in
737 2681 939 2725 unum
987 2679 1030 2724 R
1077 2660 1408 2746 confusis),
1465 2664 1533 2725 in
1580 2665 1848 2746 utroque
1896 2661 2038 2727 MS.
2090 2683 2285 2747 aeque
2329 2666 2608 2731 inventa.
2707 2667 2779 2732 In

393 2768 655 2853 reliquis
702 2769 1003 2832 orationis
1049 2767 1338 2852 partibus
1385 2764 1641 2831 difficile
1689 2773 1785 2832 est
1826 2767 2040 2843 dictu,
2085 2774 2227 2833 uter
2263 2776 2559 2854 praestet.
2610 2770 2781 2840 Vitia

393 2880 542 2940 sunt
589 2872 800 2939 affinia
845 2878 910 2938 et
955 2874 1093 2960 pari
1139 2873 1269 2938 fere
1315 2893 1602 2938 numero.
1663 2870 2059 2958 Compendia
2102 2895 2274 2941 rara:
2323 2892 2375 2939 Μ
2419 2896 2544 2941 non
2590 2880 2777 2943 omit·

393 2983 554 3045 titur
606 2982 730 3044 nisi
781 2981 847 3044 in
895 2976 1015 3043 fine
1062 3000 1318 3056 versus,
1369 2998 1482 3065 pro
1529 3002 1669 3060 que,
1724 2982 1829 3043 bus
1873 2980 2109 3065 ubique
2156 2980 2255 3058 Q·,
2313 2981 2415 3065 B·‚
2464 3003 2577 3068 pro
2622 3007 2779 3070 non,

393 3084 605 3150 medio
663 3087 859 3149 etiam
925 3105 1144 3161 versu,
1202 3080 1265 3150 ii.
1331 3084 1602 3170 Reliqua
1663 3086 1831 3172 sigla
1879 3091 2025 3150 sunt
2074 3088 2141 3149 in
2190 3084 2310 3152 fine
2358 3109 2613 3173 versus,
2666 3091 2780 3156 ubi

395 3190 849 3277 calligraphiae
895 3190 1108 3255 studio
1161 3191 1317 3256 duas
1353 3190 1601 3256 litteras
1633 3194 1701 3256 in
1748 3202 1942 3257 unam
2002 3198 2449 3259 contraxerunt
2508 3195 2771 3262 librarii.

397 3297 587 3363 Daret
649 3302 714 3362 et
772 3298 1054 3374 daretur,
1101 3296 1360 3361 confuse
1409 3302 1558 3361 sunt
1605 3298 1640 3380 ξ
1691 3297 1810 3363 12:
1864 3320 2055 3377 „cum
2105 3299 2419 3365 iudicium
2467 3300 2560 3367 ite
2608 3304 2781 3369 daret

392 3402 539 3490 (A.:
589 3403 863 3488 daretur)
909 3441 988 3449 -—
1031 3422 1232 3487 neque
1271 3400 1434 3467 illud
1483 3402 1739 3468 adderet
1785 3422 2057 3481 numm,
2113 3405 2425 3490 putavit”,
2476 3388 2774 3493 rell.,'sed

390 3513 628 3577 vitium
677 3530 798 3576 non
847 3529 925 3574 ex
980 3508 1352 3595 compendio
1391 3508 1704 3574 scribendi
1744 3510 1852 3575 sed
1895 3532 2088 3596 prava
2127 3515 2509 3579 correctione
2549 3520 2775 3581 natum

388 3618 664 3685 videtur.

477 3722 822 3808 Exspectes
893 3722 1021 3787 fere
1089 3723 1155 3785 in
1219 3720 1505 3787 addenda
1563 3726 1675 3785 aut
1738 3720 2117 3787 detrahenda
2161 3740 2211 3787 n
2256 3724 2327 3788 in
2376 3722 2497 3790 hoc
2544 3746 2778 3813 genere

386 3830 677 3896 codicum
740 3848 848 3913 pro
908 3826 1214 3913 religione
1276 3846 1390 3890 sue
1451 3826 1722 3891 editores
1776 3845 2010 3912 magna
2056 3832 2345 3894 cautione
2392 3831 2523 3907 uti;
2577 3851 2756 3896 secus

388 3935 618 4016 accidit
678 3934 714 4018 ᾗ
763 3930 888 3997 28:
945 3954 1108 4009 „non
1156 3934 1312 3997 setis
1357 3931 1654 3996 habitum
1703 3936 1799 3996 est
1844 3933 2088 4015 quaeri,
2141 3932 2295 4016 quid
2340 3935 2587 4000 familia
2634 3939 2772 4022 ipsa

392 4044 671 4116 fecisset,
738 4060 964 4104 verum
1027 4040 1220 4103 etiam
1286 4035 1483 4112 illud,
1547 4036 1698 4121 quid
1762 4036 2045 4101 familiae
2104 4037 2247 4104 dolo
2310 4039 2481 4105 malo
2528 4041 2770 4107 factum

364 4152 573 4213 esset.
668 4144 836 4210 Nam
901 4165 1046 4209 cum
1097 4142 1249 4207 facit
1294 4143 1432 4228 ipsa
1477 4142 1728 4208 familia
1772 4146 1839 4209 vi
1888 4146 2150 4209 armatis
2203 4149 2519 4211 coactisve
2562 4147 2774 4214 homi-

385 4250 638 4327 nibus”‚
691 4251 804 4316 ubi
845 4247 1148 4315 Halmius
1197 4252 1261 4313 et
1307 4248 1632 4335 Kayserus
1679 4250 1824 4325 vim,
1873 4250 1982 4315 sed
2029 4250 2307 4317 formula
2353 4250 2517 4339 legis
2557 4270 2624 4318 Ἡ
2662 4272 2773 4320 ΑΒ·

385 4374 579 4424 m'ns
627 4373 973 4423 ovonsvn
1019 4360 1299 4431 servate,
1333 4356 1557 4440 facere
1602 4360 1818 4421 autem
1868 4355 2154 4423 absolute
2200 4360 2483 4442 positum
2522 4366 2653 4437 est,
2700 4371 2775 4428 ut

380 4462 571 4550 paulo
618 4469 790 4551 post:
844 4458 1134 4541 „familie
1185 4462 1322 4547 ipsa
1368 4481 1493 4527 non
1539 4461 1758 4529 facit.'’
1808 4459 1903 4529 Of.
1954 4462 1990 4549 ξ
2040 4461 2077 4531 ’7
2126 4469 2191 4530 et
2238 4465 2413 4532 alibi.
2462 4465 2762 4537 Perverse
