3414 5158
631 259 716 325 68
1698 275 1941 328 (1101180.

623 445 796 529 (prot
846 443 928 508 D.
971 443 1242 527 Silana-93
1279 441 1384 508 Fr.
1425 443 1695 508 totidem
1734 443 2005 508 litteris:
2049 444 2329 508 Decimae
2368 443 2709 530 Syllaam);
2742 441 2946 512 1087.
2979 441 3027 508 5

623 547 744 614 V.:
807 554 902 612 tui
963 549 1200 634 quidem
1221 595 1237 626 ,
1301 546 1488 614 Rene.
1553 549 1668 612 tui.
1732 550 1881 634 quid
1936 559 2026 614 est
2072 549 2303 634 (pudet
2348 571 2435 612 me
2480 549 2592 613 tui.
2648 549 2814 630 Quid
2858 551 3023 633 est);

627 653 822 720 1089.
889 653 975 718 26
1039 653 1146 718 V.:
1218 655 1326 718 sed
1377 655 1521 719 haec
1564 677 1682 718 noa
1729 656 1933 738 dubito
1976 678 2149 732 nam,
2198 655 2420 721 Rana:
2468 656 2576 720 sed
2618 657 2694 720 de
2738 656 2845 720 hoc
2890 678 3023 720 non

625 761 830 824 dubito
879 762 1072 844 [nam]
1095 807 1112 836 ,
1161 767 1330 824 recte
1355 809 1370 836 ,
1421 780 1536 826 nee
1583 781 1661 826 ex
1707 764 2088 838 correctione
2104 810 2123 846 ,
2173 763 2356 826 cuius
2400 763 2562 826 ratio
2603 760 2781 826 nulla
2818 781 3025 846 appa-

623 872 822 951 reret3
901 864 1094 932 1091.
1161 866 1201 930 5
1270 865 1383 931 V.:
1455 877 1663 930 contra
1726 868 2130 950 imperatorem
2181 867 2399 951 populi
2444 867 2735 945 Romani,
2782 865 3019 932 Recm:

622 979 828 1036 contra
876 979 1198 1036 senatorem
1239 996 1302 1054 p.
1352 971 1456 1056 R„
1507 974 1618 1037 ubi
1663 979 2070 1056 imperatorem
2118 979 2287 1038 certe
2334 973 2411 1038 de
2457 973 2849 1038 adolescente
2894 972 3018 1037 Pi-

623 1099 770 1144 sone
815 1079 878 1164 (ᾖ
925 1077 1040 1164 68)
1087 1098 1212 1143 non
1257 1085 1426 1144 recte
1471 1099 1538 1144 se
1583 1079 1811 1158 habet,
1863 1080 1972 1145 sed
2018 1086 2163 1165 post
2208 1087 2533 1144 senatorem
2578 1078 3015 1144 omittendum

619 1184 692 1250 P.
698 1184 809 1263 B..;
861 1185 1022 1250 ibid.
1070 1183 1148 1250 9.
1201 1184 1656 1270 „reprehendat
1696 1206 1847 1250 eum
1883 1184 2035 1252 licet
2074 1184 2131 1248 ei
2168 1186 2274 1270 qui
2311 1186 2496 1262 volet,
2523 1186 2687 1249 modo
2709 1183 3009 1260 leviter-’⁹³

621 1295 713 1358 sic
773 1313 957 1368 rece„
1019 1292 1131 1358 sed
1195 1289 1340 1356 Vat.
1409 1290 1613 1358 male.
1662 1265 1719 1356 εἶ’
1760 1297 1867 1378 qm·
1908 1293 2074 1356 modo
2120 1293 2286 1377 valt3
2334 1291 2422 1356 ib.
2475 1290 2561 1356 25
2615 1312 2845 1376 „quam
2893 1291 3010 1375 qui

613 1401 932 1483 profitetur
978 1397 1480 1486 (disciplinam)”
1533 1405 1741 1482 potest
1785 1419 1920 1464 esse
1966 1419 2044 1464 ex
2090 1399 2507 1480 correctione,
2556 1417 2707 1462 vera
2752 1401 3008 1474 tamen,

619 1527 732 1592 pro
801 1509 1116 1590 coafitetur
1181 1507 1249 1569 in
1317 1503 1470 1570 Vat.
1541 1503 1665 1571 Sed
1733 1507 2088 1570 certissima
2156 1509 2254 1568 est
2322 1503 2597 1568 fontium
2669 1503 3003 1567 diversitas

624 1611 818 1678 1090.
886 1610 968 1677 19
1034 1609 1152 1676 V.:
1219 1612 1330 1674 hac
1375 1611 1668 1674 distracta
1704 1611 1954 1696 fronte,
2001 1609 2227 1676 Recm:
2274 1610 2387 1672 hac
2432 1611 2526 1672 dis
2570 1615 2734 1672 irata
2768 1609 3000 1694 fronte.

618 1717 868 1785 Omitto
931 1719 1064 1784 iam
1124 1739 1199 1784 ea
1259 1717 1631 1782 discrimina
1652 1765 1670 1799 ,
1720 1737 1880 1800 quae
1930 1721 2193 1801 possunt
2239 1736 2317 1780 ex
2364 1717 2749 1781 correctione
2796 1712 3003 1799 expli-

617 1827 748 1890 cari
765 1873 784 1908 ,
833 1823 1037 1890 veluti
1081 1828 1456 1904 reputaretur
1475 1869 1491 1898 ,
1535 1828 1853 1904 putaretur
1870 1849 1889 1886 .·
1915 1821 2269 1905 furialibus
2291 1870 2307 1898 ,
2348 1821 2667 1906 furiarum
2680 1848 2709 1897 ;
2746 1818 2965 1882 viderit
2982 1866 3003 1902 ,

617 1931 892 1994 vider-em.
959 1928 1247 1994 Dubium
1311 1931 1410 1992 est
1472 1925 1665 1994 1087.
1720 1928 1758 1990 5
1807 1927 1870 2012 (ξ
1919 1925 2065 2013 58):
2131 1949 2403 1994 coronam
2468 1927 2637 1990 illam
2700 1927 3001 2008 lauream,

617 2037 708 2099 sic
769 2033 979 2119 Reae„
1043 2033 1186 2098 Vat.
1251 2055 1490 2096 auream
1508 2079 1524 2110 ‚
1589 2052 1740 2098 nam
1798 2053 2023 2098 aureae
2070 2053 2332 2098 coronae
2378 2052 2504 2096 non
2550 2037 2700 2096 sunt
2746 2033 3005 2117 ignotae

614 2141 683 2204 in
748 2139 1108 2224 triumph0‚
1172 2137 1585 2222 Marqnardt,
1647 2135 2053 2203 Staatsverw.
2118 2137 2188 2202 II
2251 2159 2312 2223 p.
2378 2135 2530 2216 556,
2596 2133 2763 2202 Gell.
2814 2135 2887 2200 V.
2937 2133 3002 2213 6,

616 2266 802 2331 porro
864 2266 944 2310 ex
1002 2246 1172 2308 illam
1225 2267 1465 2308 auream
1514 2246 1726 2328 potuit
1768 2247 2036 2310 existere
2082 2245 2382 2329 lauream
2423 2249 2640 2308 tamen
2685 2245 2997 2308 veriorem

615 2361 774 2434 puto
835 2353 1256 2416 recentiorum
1316 2349 1658 2415 lectionem
1722 2353 2020 2434 quoniam
2082 2369 2310 2415 corona
2368 2349 2516 2416 vilis
2580 2347 3001 2436 significatur.

617 2455 800 2537 Quod
868 2459 924 2521 si
993 2457 1268 2523 conferre
1336 2454 1614 2520 volueris
1674 2476 1741 2541 p.
1794 2454 1991 2523 1079.
2044 2454 2083 2520 5
2147 2463 2421 2538 accepta,
2492 2454 2688 2522 1073.
2745 2455 2826 2520 12
2873 2477 3001 2518 cum

614 2563 938 2650 [Gabinio]
1000 2565 1254 2645 calceya,
1315 2584 1377 2648 p.
1447 2560 1643 2627 1093.
1692 2559 1736 2626 8
1797 2573 1960 2626 stare
2009 2562 2130 2647 [ia]
2179 2584 2289 2627 suo
2336 2561 2561 2626 iudicio
2611 2564 2788 2645 (nota
2832 2559 3001 2625 mihi

611 2677 762 2737 sunt
807 2691 968 2755 quae
1011 2670 1230 2735 Halm.
1277 2690 1338 2753 p.
1392 2665 1568 2732 1453
1615 2670 1914 2752 scripsit),
1958 2667 2114 2733 ibid.
2155 2666 2234 2732 ll
2264 2674 2531 2733 contione
2558 2669 2993 2755 (contentione),

609 2777 858 2842 videbis
918 2781 1135 2843 contra
1194 2772 1266 2839 Τ.
1331 2793 1580 2858 quoque
1628 2792 1707 2837 ex
1755 2773 2175 2839 deterioribus
2221 2774 2489 2841 subinde
2534 2772 2778 2859 aliquid
2822 2793 2995 2859 prae·

609 2882 762 2947 sidii
821 2902 974 2947 esse.
1068 2880 1246 2945 Haec
1305 2884 1523 2943 autem
1586 2882 1878 2963 quamvis
1939 2900 2143 2964 pauca
2202 2882 2332 2945 sint
2386 2886 2451 2945 et
2498 2879 2799 2968 vulgares
2846 2880 2997 2945 libri

611 2986 956 3051 admodum
1020 2988 1300 3070 corrupti
1362 2984 1464 3069 (cf.
1533 2987 1727 3049 etiam
1778 2982 1998 3049 Halm.
2052 3008 2111 3071 p.
2171 2985 2395 3072 1101),
2446 2996 2663 3053 tamen
2709 3007 2833 3052 non
2879 2987 2996 3051 du-

611 3091 746 3155 bito
809 3091 872 3155 h.
898 3090 945 3157 l.
1007 3110 1112 3155 eos
1157 3093 1333 3175 sequi
1381 3098 1634 3175 propter
1677 3089 1970 3157 lacunam
2016 3094 2083 3155 in
2129 3091 2205 3156 V.
2254 3092 2329 3157 In
2376 3092 2639 3178 reliquis
2686 3092 2851 3157 mihi
2891 3112 2995 3157 su-

609 3203 896 3280 spectum
979 3197 1314 3260 intermissa
1383 3203 1634 3280 propter
1703 3196 2159 3261 abundantiam
2230 3200 2533 3263 orationis
2600 3204 2664 3263 et
2734 3198 2986 3274 locum,

612 3322 802 3386 quem
857 3308 1140 3387 occupat.
1187 3301 1476 3367 Fortasse
1521 3309 1747 3365 natum
1794 3323 1872 3366 ex
1918 3302 2135 3389 glossa
2182 3308 2565 3386 imper-missa.

704 3407 952 3473 Mentio
1012 3406 1202 3471 molis
1265 3404 1526 3472 Gabinii
1587 3414 1979 3473 constructae
2041 3428 2119 3473 ex
2162 3412 2347 3476 ruina
2392 3409 2635 3476 alienae
2680 3409 2876 3476 villae
2922 3412 2989 3475 in

613 3516 995 3579 memoriam
1058 3512 1304 3578 reducit
1363 3508 1852 3599 Chrysogonum
1872 3562 1891 3597 ,
1954 3516 2065 3598 qui
2112 3515 2528 3581 contendebat
2573 3515 2655 3580 ad
2700 3515 2989 3581 Veienta-

611 3640 764 3685 nam
827 3617 1328 3691 aedificationem
1390 3638 1456 3683 so
1519 3618 1757 3684 diruise
1813 3618 2041 3685 villam
2100 3620 2163 3685 S.
2210 3620 2424 3687 Roscii
2472 3624 2692 3708 patris.
2786 3620 2989 3687 Locus

614 3732 710 3791 est
759 3728 829 3791 in
875 3724 1070 3791 schol.
1109 3723 1509 3791 Gronoviano
1548 3725 1630 3791 ad
1663 3730 1913 3810 partem
1953 3726 2345 3811 deperditam
2370 3727 2719 3861 Roscianae
2742 3749 2803 3813 p.
2834 3725 2987 3805 436,

614 3828 724 3896 Or.
773 3833 886 3897 ubi
928 3831 1086 3896 haec
1130 3836 1420 3915 corrupte
1464 3830 1799 3917 leguntur.

709 3937 1020 4013 „Maxime
1077 3943 1235 3999 metu
1295 3942 1362 3999 ut
1420 3936 1646 3998 Sullam
1691 3936 1943 4020 scilicet]
1996 3936 2287 4001 DRRIBAT
2334 3944 2570 4005 tamen.
2618 3938 2703 4005 Et
2750 3942 2841 4005 ait
2887 3960 2987 4019 se,

611 4042 682 4107 id
725 4048 857 4121 est,
903 4043 1328 4126 suspicionem
1375 4060 1558 4105 suam
1605 4043 1672 4103 in
1721 4040 1921 4105 alium
1971 4041 2247 4107 deducit.
2334 4042 2474 4109 Hoc
2521 4048 2691 4110 enim
2740 4046 2988 4111 dicebat

617 4145 1103 4233 Chrysogonus:
1149 4166 1274 4211 non
1319 4144 1522 4230 (quia)
1562 4146 1789 4223 timui,
1830 4167 1908 4212 ne
1948 4148 2114 4212 mihi
2153 4148 2523 4214 tollerentur
2564 4151 2725 4215 bona
2750 4150 2984 4227 Roscii,

613 4251 756 4316 ideo
794 4253 934 4317 eius
971 4250 1228 4337 praedia
1263 4252 1588 4335 dissipavi.
1635 4248 1760 4317 Sed
1798 4254 1950 4337 quia
1981 4253 2391 4321 aedificabam
2406 4303 2427 4334 ,
2470 4259 2538 4321 in
2575 4254 2983 4325 Veientanam

616 4355 759 4421 ideo
805 4356 884 4422 de
925 4357 1029 4423 his
1075 4356 1432 4424 transtuli.”
