3414 5158
1425 345 1729 396 onrssm.
2248 309 2257 319 ⁹
2635 327 2761 394 231

489 537 540 580 π
585 513 717 580 305
765 535 854 600 sq.

849 621 958 685 καί
1003 619 1072 685 κέ
1119 644 1220 685 τεο
1267 619 1476 699 δμώων
1524 621 1747 700 άνδρῶν
1794 618 1882 685 ἔτι
1931 623 2345 700 πειρηθεῖμεν,

849 728 1000 805 ἠμὲν
1043 721 1191 792 ὅπου
1238 751 1330 800 τις
1381 734 1476 794 νῶι
1521 730 1638 793 τίει
1688 727 1795 792 καὶ
1847 727 2023 792 δείδιε
2071 729 2258 809 θυμῷ.

401 832 638 900 Nullus
696 834 801 900 hic
860 833 1038 900 locus
1098 841 1194 900 est
1256 835 1556 901 adverbio
1611 834 1738 900 loci
1800 829 1948 899 ὅπου
1972 882 1989 913 ,
2038 835 2145 900 ned
2164 884 2181 908 ‚
2234 833 2769 920 quemadmodum

402 960 495 1005 vs.
541 960 633 1024 sq.
692 939 932 1029 legitur
995 940 1082 1015 ἠδ’
1130 937 1253 1013 ὅτις
1298 943 1405 1006 οὐκ
1451 941 1672 1018 ἀλέγει
1721 940 1873 1024 mi„
1929 941 2021 1006 ita
2066 941 2172 1005 hic
2218 959 2463 1025 quoque
2510 945 2769 1025 expecto

402 1046 552 1122 ἠμὲν
617 1042 740 1117 ὅτις
811 1071 925 1116 που
987 1049 1084 1112 νῶι
1140 1050 1278 1113 τίει.
1371 1046 1694 1116 Particula
1758 1070 1873 1111 που
1936 1047 2399 1126 dubitationem
2449 1045 2764 1132 quandam

399 1152 591 1218 habet
607 1137 628 1230 ¹,
678 1157 892 1219 versui
939 1160 1152 1219 nostro
1198 1156 1618 1238 aptissimam.

495 1392 528 1431 υ
579 1367 662 1432 18
709 1389 843 1453 sqq.

671 1473 925 1539 τέτλαθι
975 1474 1048 1548 δὲ
1095 1473 1345 1553 κραδίη·
1395 1473 1501 1537 καὶ
1553 1470 1829 1552 κύντερον
1859 1470 2037 1561 ,ἄλλο
2084 1472 2225 1537 ποτ’
2274 1471 2458 1547 ἔτλης

675 1583 870 1658 ἤματι
918 1581 1001 1660 τῷ
1049 1577 1151 1644 ὅτε
1196 1603 1296 1654 μοι
1344 1579 1522 1655 μένος
1573 1576 1845 1658 άσχετος
1897 1580 2060 1655 ἤσθιε
2108 1579 2383 1658 Κύκλωψ

675 1686 956 1768 ἰφθίμους
1005 1686 1288 1766 ἑτάρους·
1337 1685 1414 1750 σὺ
1463 1685 1515 1748 δ’
1565 1683 1839 1762 ἐτόλμας
1885 1683 2048 1767 ὄφρα
2096 1709 2168 1750 σε
2214 1693 2397 1762 μῆτις

675 1791 952 1870 ἐξάγαγ’
1000 1791 1068 1868 ἐξ
1112 1791 1342 1870 ἄντροιο
1393 1791 1654 1867 ὅιόμενον
1703 1791 2038 1857 θανέεσθαι.

405 1899 548 1964 Non
609 1902 826 1966 minus
884 1899 1228 1964 absurdum
1276 1899 1465 1963 tertio
1511 1920 1698 1964 versu
1742 1919 2083 1986 pronomen
2131 1922 2200 1963 σε
2249 1900 2535 1977 videtur,
2585 1919 2776 1984 quem

405 2007 459 2069 si
522 2026 708 2070 versu
771 2005 1043 2071 secundo
1101 2024 1213 2090 pro
1276 2027 1375 2081 μοι
1446 2007 1748 2090 scriptum
1802 2011 1963 2070 essct
2010 2029 2116 2070 σοι.
2170 2005 2341 2094 hege
2387 2026 2568 2094 ergo:
2614 2003 2776 2085 ὄφρα

406 2134 487 2187 με
536 2133 718 2188 μητις
765 2134 892 2176 κτε.

496 2353 528 2392 υ
579 2324 664 2390 38
732 2323 1062 2393 Minervae
1108 2329 1202 2391 ita
1249 2325 1631 2390 consolanti:

677 2431 850 2496 τίπτ’
901 2429 1040 2496 αὖτ’
1088 2432 1430 2510 ἐγρήσσεις,
1481 2429 1729 2495 πάντων
1776 2432 1907 2511 περὶ
1960 2429 2240 2507 κάμμορε
2288 2436 2543 2511 φωτῶν;

679 2545 858 2609 εοῒκος
911 2536 1024 2615 μέν
1073 2560 1160 2602 τοι
1209 2533 1296 2602 ὅδ’
1347 2537 1514 2613 ἐστί,
1564 2539 1717 2614 γυνη
1767 2536 1829 2601 δέ
1876 2560 1963 2602 τοι
2015 2533 2103 2611 ἥδ’
2157 2538 2237 2602 ἐνὶ
2284 2537 2447 2619 εοίκῳ

682 2645 785 2707 καὶ
836 2644 1023 2728 πάις,
1073 2640 1188 2709 οἶόν
1238 2643 1355 2708 πού
1403 2667 1500 2714 τις
1549 2643 1851 2709 ἔνέλδεται
1904 2640 2166 2719 ἔμμεναι
2220 2638 2348 2709 υἷα.

409 2748 670 2837 Ulysses
717 2749 1078 2836 respondet:

679 2857 772 2921 ναὶ
821 2856 890 2929 δη
937 2856 1146 2921 ταῦτά
1195 2880 1274 2933 γε
1324 2854 1536 2920 πάντα
1562 2904 1577 2933 ,
1629 2857 1775 2933 θεά,
1827 2856 1993 2920 κατὰ
2041 2863 2257 2933 μοῖραν
2304 2854 2525 2928 ἔνειπες
2550 2879 2564 2895 ·

679 2962 853 3028 άλλά
899 2963 964 3027 τί
1009 2986 1109 3040 μοι
1161 2964 1298 3028 τάδε
1346 2964 1528 3038 θυμὸς
1579 2962 1658 3025 ε’νὶ
1710 2962 1892 3041 φρεσὶ
1943 2962 2328 3043 μερμηρίζει,

677 3065 883 3141 ὅππως
934 3067 1002 3144 δὴ
1050 3077 1416 3148 μνηστῆρσιν
1463 3068 1734 3133 άναιδέσι
1782 3075 1999 3149 χεῖρας
2049 3068 2286 3146 ἐφήσω.

407 3174 551 3240 Non
619 3175 945 3242 ferendum
1017 3176 1271 3240 videtur
1339 3198 1396 3239 τι
1471 3175 1645 3250 τόδε,
1719 3175 1834 3239 ubi
1900 3174 2174 3260 simplex
2232 3174 2371 3239 τάδε
2416 3177 2778 3260 requiritur.

407 3280 670 3368 Ulysses
714 3280 832 3346 hoc
874 3280 1056 3345 vult:
1103 3301 1324 3347 verum
1365 3286 1460 3346 est
1505 3281 1670 3366 quod
1718 3281 2081 3347 consolandi
2116 3284 2325 3369 gratia
2364 3281 2620 3367 dixisti,
2662 3282 2771 3347 sed

408 3387 562 3453 haec
608 3387 784 3451 etiam
827 3393 1012 3450 restat
1055 3407 1222 3452 cura.
1314 3386 1453 3452 Hoc
1499 3386 1666 3452 dicet
1682 3434 1699 3463 ,
1750 3390 1805 3451 si
1851 3390 2319 3473 scripserimus:

680 3492 832 3559 άλλ’
882 3490 968 3557 ἔτι
1018 3516 1119 3569 μοι
1167 3492 1302 3557 τόδε
1351 3496 1402 3559 θ.
1455 3494 1503 3558 ἐ.
1551 3501 1625 3575 φ.
1674 3516 1745 3569 μ.

410 3599 542 3665 Nec
601 3620 705 3665 me
757 3605 1000 3673 movet,
1069 3599 1232 3683 quod
1296 3620 1389 3664 vs.
1447 3598 1533 3664 42
1589 3599 1808 3665 eadem
1852 3599 2163 3685 particula
2210 3602 2474 3666 recurrit
2516 3604 2582 3666 in
2630 3601 2772 3681 πρὸς

413 3706 466 3771 δ’
516 3705 647 3784 ἔτι,
697 3727 845 3772 nam
893 3705 972 3771 ab
1020 3704 1106 3769 ἔτι
1155 3705 1234 3770 ad
1280 3705 1424 3785 πρὸς
1471 3704 1524 3769 δ’
1574 3702 1663 3769 ἔτι
1713 3705 2003 3793 gradatio
2050 3707 2358 3790 quaedam
2404 3713 2517 3772 est.
2576 3710 2773 3773 Acce-

415 3812 510 3878 dit
567 3812 731 3899 quod
793 3833 916 3878 vss.
985 3811 1064 3876 41
1086 3850 1130 3857 -
1165 3810 1248 3876 43
1312 3832 1436 3877 non
1485 3813 1620 3877 sine
1668 3831 1856 3876 causa
1899 3810 2219 3877 nonnullis
2265 3833 2370 3879 vv.
2421 3812 2505 3878 dd
2576 3816 2776 3901 spurii

414 3918 728 3984 videntur.

507 4157 540 4196 υ
588 4128 674 4197 80
743 4130 1058 4218 Penelope
1103 4134 1195 4199 ita
1237 4138 1564 4217 precetur:

687 4239 752 4313 ἦέ
795 4242 863 4315 μ’
917 4238 1304 4315 ἐυπλόκαμος
1357 4238 1546 4314 βάλοι
1587 4241 1925 4318 ”Αρτεμις,
1972 4237 2107 4319 ὄφρ’
2162 4236 2439 4313 Ὀδυσῆα

687 4345 978 4422 ὀσσομένη
1027 4347 1130 4410 καὶ
1175 4352 1372 4423 γαῖαν
1420 4344 1534 4409 ὑπὸ
1581 4346 1878 4425 στυγερὴν
1927 4346 2287 4426 άφικοίμην.

418 4448 778 4521 Conferenti
814 4454 1144 4519 notissima
1179 4451 1295 4518 illa
1330 4452 1686 4533 Κάλχαντα
1726 4451 2039 4533 πρώτιστα
2078 4448 2241 4518 κάκ”
2262 4452 2579 4532 ὀσσόμενος
2606 4476 2775 4537 προς·
