3414 5158
603 255 738 327 272
1585 274 1986 326 naonorus.

603 444 850 511 dicunt:
911 443 978 509 οὖ
1040 441 1245 520 μέντοι
1296 478 1377 491 -
1426 449 1548 507 Pe.
1615 442 1926 508 Dedimus
1986 442 2231 528 aliquot
2286 439 2581 529 exempla
2642 462 2851 528 supra,
2896 442 2977 509 cf.

600 550 892 639 Thucyd.
945 550 1000 615 I.
1050 548 1123 615 3:
1172 550 1238 614 οὗ
1287 548 1496 626 μέντοι
1543 555 1778 615 πολλοῦ
1827 573 1906 627 γε
1952 549 2165 631 χρόνου
2214 550 2473 626 ἠδύνατο
2517 586 2599 599 --
2642 550 2972 624 ἐκνικῆσαι.

689 654 803 723 IV.
855 652 942 721 '72
961 676 978 720 ε
1033 655 1100 720 οὔ
1147 653 1354 733 μέντοι
1409 652 1470 720 ἓν
1515 681 1593 735 γε
1641 657 1727 737 τῷ
1774 655 1961 722 παντὶ
2012 654 2169 737 ἔργῳ
2212 656 2498 735 βεβαίως
2546 654 2833 737 οὐδέτεροι
2880 680 2977 722 τε·

598 763 1010 838 λευτήσαντες
1059 761 1497 842 ἀπεκρίθησαν.
1564 761 1672 827 IV.
1724 760 1845 829 ¹78:
1895 764 1963 827 οὗ
2010 760 2216 840 μέντοι
2267 761 2470 840 ἀξιοῦν
2519 787 2599 841 γε
2646 760 2977 842 εἴργεσθαι.

602 868 743 935 VII.
799 867 916 935 14:
983 867 1121 943 ήδίω
1183 868 1300 946 μὲν
1351 904 1434 917 --
1483 868 1549 933 οὐ
1611 868 1820 946 μέντοι
1877 868 2314 951 χρησιμώτερά
2375 892 2475 946 γε.
2570 868 2649 935 In
2696 866 2980 935 Platonis

606 975 750 1058 Rep.
815 995 963 1063 pag.
1007 972 1137 1040 329
1163 992 1227 1039 e:
1279 974 1384 1039 καὶ
1433 974 1683 1052 λέγουσι
1733 974 1849 1053 μέν
1897 1000 1997 1052 τι,
2048 976 2113 1041 οὐ
2160 974 2368 1054 μέντοι
2418 999 2498 1053 γε
2542 970 2677 1039 ὅσον
2725 972 2982 1053 οἴονται,

603 1086 970 1167 transpone:
1033 1080 1099 1146 οὐ
1159 1080 1368 1160 μέντοι
1417 1074 1550 1145 ὅσον
1594 1105 1676 1159 γε
1723 1080 1965 1147 οἴονται.
2060 1080 2303 1147 Eodem
2348 1081 2539 1147 modo
2584 1078 2982 1147 Herodotum

598 1208 732 1254 esee
793 1186 1085 1253 locutum
1149 1186 1427 1253 declarat
1489 1184 1702 1254 Codex
1762 1188 1821 1255 Β
1836 1235 1853 1268 ,
1912 1190 1980 1253 in
2044 1208 2169 1274 quo
2216 1188 2448 1255 diserte
2496 1189 2807 1274 seriptum
2858 1195 2981 1255 est:

595 1295 662 1359 οὗ
709 1291 916 1373 μέντοι
963 1292 1170 1372 γένεος
1216 1302 1323 1358 ΓΘ
1367 1298 1474 1359 τοῦ
1517 1293 1854 1373 βασιληΐου
1901 1294 2029 1359 ἐών.

686 1539 856 1606 VHI.
906 1537 1020 1605 46:
1075 1540 1408 1617 Αἰγινῆται
1455 1538 1779 1619 τριήκοντα
1826 1539 2019 1626 (νέας)
2070 1540 2463 1622 παρείχοντο.
2512 1538 2665 1617 ἦσαν
2712 1542 2829 1622 μέν
2868 1548 2979 1625 σφι

596 1646 702 1713 καὶ
751 1645 949 1712 ἀλλαι
1000 1644 1478 1728 πεπληρωμέναι
1523 1646 1670 1718 νέες.
1934 1709 1943 1717 ,

681 1755 892 1841 Aegre
952 1753 1267 1820 desideres
1329 1772 1549 1819 earum
1611 1772 1975 1819 numerum.
2025 1752 2180 1819 Erat
2226 1752 2541 1821 ΑΛΛΛΙΪ
2553 1802 2570 1835 ,
2618 1756 2685 1822 id
2732 1760 2829 1822 est
2875 1756 2976 1823 καὶ

593 1857 793 1925 ἄλλαι
842 1867 1092 1925 ΔΕΚΑ.

683 2088 852 2157 VIII.
916 2088 1041 2155 46:
1113 2085 1268 2161 ἔθνος
1341 2088 1433 2154 ἐὸν
1503 2089 1757 2155 Ἰωνικὸν
1816 2088 1944 2154 ἀπὸ
2012 2088 2402 2171 ἈθηνΑῙων,
2465 2096 2531 2157 et
2591 2097 2736 2179 post
2779 2113 2981 2179 pauca

585 2197 790 2270 Ἴωνες
854 2196 981 2262 ἀπὸ
1025 2194 1261 2270 ἈθηνΛ
1273 2203 1413 2272 Ῑων,
1465 2199 1530 2261 et
1574 2215 1714 2280 cap.
1760 2192 1881 2261 48:
1926 2195 2128 2269 Ἴωνες
2177 2196 2373 2271 ἐόντες
2421 2197 2547 2263 ἀπὸ
2594 2199 2972 2277 ἈθηνΔῙων.

683 2302 808 2369 'Per
853 2299 1333 2389 corrigendum:
1385 2301 1510 2367 ἀπὸ
1559 2300 1900 2376 Ἀθηνεων.

683 2530 854 2599 VIII.
905 2528 1022 2597 48:
1076 2527 1412 2611 τριηκόσιαι
1461 2529 1568 2597 καὶ
1619 2529 2043 2610 ἐβδομήκοντα
2090 2530 2196 2598 καὶ
2245 2530 2418 2596 δκτώ.

681 2639 836 2706 Erat
901 2636 1476 2722 ΗΗΗΙῙΙΔΔΠῙῙῙ,
1538 2637 1605 2703 id
1659 2643 1755 2703 est
1818 2639 1971 2704 όκτὼ
2020 2637 2125 2704 καὶ
2172 2638 2597 2717 ἐβδομήκοντα
2648 2639 2754 2704 καὶ
2810 2663 2975 2719 τριη-

589 2745 787 2812 κόσιαι
806 2793 823 2824 ,
878 2751 949 2810 ut
994 2751 1163 2811 recte
1215 2747 1279 2810 in
1325 2744 1385 2810 Β
1429 2743 1740 2830 scriptum
1792 2750 1909 2810 eet.

676 2975 858 3043 VIII.
910 2975 1030 3041 49:
1079 2977 1130 3040 εί
1179 2971 1482 3048 νικηθέωσι
1535 2983 1612 3056 τῇ
1661 2973 2017 3055 ναυμαχίη.

675 3082 872 3148 Recte
918 3082 978 3148 Β
1011 3077 1170 3146 ”HN
1226 3079 1552 3155 νικηθέωσι.

678 3311 841 3380 VIII.
891 3311 1012 3378 53:
1063 3311 1262 3377 καίτοι
1311 3334 1425 3391 περ
1473 3309 1865 3391 ἀποκρήμνου
1918 3308 2114 3382 ἐόντος
2161 3315 2268 3376 τοῦ
2316 3313 2535 3394 χώρου.
2686 3399 2693 3404 ‚

671 3419 828 3501 Quis
898 3437 1209 3502 umquam
1279 3417 1446 3482 dixit
1507 3414 1706 3481 καίτοι
1765 3413 1922 3497 orep?
1986 3415 2295 3484 Dicebant
2357 3439 2574 3485 omnes
2642 3425 2716 3486 ut
2762 3426 2859 3487 eet
2906 3423 2975 3487 in

583 3524 814 3594 Codice
859 3523 920 3591 R
965 3525 1186 3606 καίπερ
1231 3525 1621 3606 ἀποκρήμνου
1669 3522 1892 3596 ἐόντος.

669 3754 839 3821 VIII.
890 3754 1012 3821 56:
1081 3755 1141 3827 ἐς
1207 3757 1490 3819 τοσοῦτον
1553 3752 1801 3835 θόρυβον
1862 3752 2153 3819 ἀπίκοντο
2204 3757 2348 3818 ὨΟ
2395 3751 2530 3819 ἔνιοι
2577 3760 2692 3820 τῶν
2740 3778 2971 3838 ςρατη-

575 3867 703 3940 γῶν
750 3862 882 3927 οὐδὲ
930 3861 1254 3941 κυρωθῆναι
1303 3857 1512 3936 ἔμενον
1559 3859 1629 3924 τὸ
1679 3859 2069 3938 προκείμενον
2116 3866 2402 3939 πρῆγμα.

668 3967 848 4048 Quod
903 3968 1253 4032 necessario
1313 3967 1657 4050 requiritur
1718 3961 1919 4030 ὥσΤΕ
1966 3961 2099 4030 ἔνιοι
2150 3971 2265 4029 τῶν
2312 3968 2639 4046 epm-ny&
2686 3972 2855 4034 recte
2901 3970 2971 4034 in

573 4071 634 4139 R
676 4072 938 4160 legitur.
987 4069 1215 4137 Paullo
1255 4077 1400 4137 ante
1438 4071 1564 4158 leg.
1608 4069 1741 4151 περὶ
1767 4071 1877 4144 την
1904 4070 2221 4145 ’ΛθηνΕων
2248 4073 2601 4154 ἀκρόπολιν.
2632 4071 2810 4140 VIII.
2845 4073 2966 4144 57:

575 4177 703 4243 οὔτ’
753 4176 874 4259 ἄρα
928 4214 1011 4227 --
1059 4177 1194 4256 περὶ
1242 4178 1524 4255 οὐδεμιῆς
1574 4173 1665 4242 ἔτι
1718 4178 2005 4258 πατρίδος
2056 4179 2517 4260 ναυμαχήσεις.

664 4283 920 4370 Repone
985 4280 1254 4365 οὔτ-ἀρα,
1311 4283 1380 4350 id
1423 4288 1520 4350 eet
1563 4283 1724 4350 οὗτοι
1772 4280 1891 4365 ἄρα
1915 4333 1934 4369 ,
1982 4289 2047 4350 et
2094 4304 2133 4350 a
2176 4283 2524 4352 Plutarcho
2570 4288 2785 4373 accipe
2831 4285 2965 4353 οὐδὲ

575 4389 708 4470 περὶ
757 4398 900 4468 μιῆς
952 4388 1039 4456 ἔτι
1089 4390 1398 4471 πατρίδος.
