3414 5158
689 391 778 460 ’74
1802 412 2041 461 menno.

691 576 1030 663 superbus,
1097 576 1264 661 quod
1321 574 1548 653 fallax,
1611 576 1781 661 quod
1824 574 2195 662 perfidiosus
2212 626 2228 653 ,
2278 576 2448 661 quod
2490 574 2859 661 impudens.
2910 574 3083 661 quod

689 683 898 751 audax
951 702 1084 749 esse
1129 682 1388 749 videtur
1437 681 1679 766 (Madv.
1735 703 1849 770 pro
1904 684 2181 747 videatur
2200 732 2216 761 ,
2265 681 2439 749 malo
2486 680 2860 770 videbatur),
2911 680 3081 749 nihil

691 790 863 877 (fort.
927 789 1070 855 add.
1117 789 1249 875 boc)
1294 790 1518 855 scitote
1563 810 1697 855 esse
1742 788 2134 855 luxuriosius
2148 839 2166 873 ,
2214 788 2378 854 nihil
2424 788 2829 855 libidinosius
2846 834 2865 866 ,
2910 786 3079 853 nihil

688 899 1048 983 protervius
1064 944 1084 980 ‚
1146 893 1314 960 nihil
1369 894 1692 981 nequius.”
1784 894 1931 962 Duo
1990 901 2311 981 postrema
2378 894 2570 962 verba
2639 895 2901 959 turbant
2970 914 3079 979 op-

688 1004 1072 1089 positionem
1091 1048 1110 1079 ,
1172 1021 1334 1086 quae
1395 1007 1492 1068 est
1551 1003 1718 1069 inter
1784 1002 2012 1068 duram
2072 1001 2528 1086 robustamque
2594 1002 3077 1087 improbitatem

692 1109 1012 1197 (improbae
1060 1146 1142 1156 —
1191 1108 1417 1193 audax)
1473 1112 1538 1173 et
1597 1106 1937 1174 delicatam
2002 1110 2204 1173 vitam
2267 1108 2448 1193 (lum,
2512 1107 2745 1192 libid.);
2808 1125 2935 1172 non
2980 1110 3080 1173 est

689 1221 980 1292 tantum,
1043 1214 1289 1299 inquit,
1336 1214 1668 1298 improbus
1714 1224 1779 1279 et
1824 1213 2030 1281 audax
2076 1214 2187 1280 sed
2232 1215 2432 1281 etiam
2476 1214 2844 1279 luxuriosus
2889 1217 2955 1278 et
2999 1211 3079 1277 li·

689 1320 1037 1388 bidinosus.
1107 1320 1235 1386 Pro
1267 1319 1614 1405 protervius
1654 1340 1875 1386 omnes
1920 1318 2124 1399 codd„
2170 1322 2371 1385 etiam
2419 1319 2492 1385 Τ.
2515 1367 2533 1399 ,
2580 1325 2655 1385 ut
2699 1339 2779 1384 ex
2824 1318 3077 1385 silentio

686 1426 968 1513 Peyroni
1011 1432 1308 1513 apparet,
1347 1426 1650 1509 posteriue
1665 1474 1684 1509 ,
1734 1425 1811 1491 de
1856 1446 1980 1511 quo
2026 1425 2161 1492 vid.
2213 1424 2436 1491 Halm.
2477 1425 2558 1490 ad
2582 1426 2770 1492 Prov.
2796 1420 2982 1492 Cous.
3010 1428 3075 1491 8.

687 1531 905 1599 Homo
946 1552 1074 1598 non
1121 1533 1247 1599 dici
1283 1537 1496 1618 potest
1521 1538 1816 1616 posterus.
1907 1529 2041 1598 Cur
2095 1536 2416 1599 tentemus
2456 1532 2907 1617 praeposta-ine
2924 1578 2941 1611 ,
2964 1532 3085 1617 qui

687 1638 1162 1725 comparativus
1207 1658 1524 1725 nusquam
1567 1640 1932 1714 invenitur,
1982 1637 2146 1704 nihil
2192 1644 2328 1723 est,
2377 1659 2527 1704 cum
2573 1636 2650 1705 V.
2688 1639 2923 1705 bonam
2960 1659 3075 1705 nec

690 1746 955 1812 dubiam
998 1744 1338 1811 lectionem
1385 1744 1753 1831 (praterbitas
1778 1764 1851 1800 =
1866 1746 2235 1831 protervius)
2283 1745 2547 1830 habeat,
2596 1746 2651 1811 si
2691 1744 2883 1811 modo
2919 1744 3076 1811 haec

689 1852 884 1921 verba
928 1853 1207 1938 genuina
1245 1853 1404 1927 sint,
1443 1850 1522 1916 de
1560 1870 1686 1935 quo
1727 1850 1969 1916 dubito.
2012 1849 2250 1935 Utique
2274 1850 2349 1915 V.
2376 1855 2656 1936 praestat
2677 1848 3071 1917 Taurinensi.

782 2067 818 2151 ς
867 2062 978 2129 69.
1025 2061 1264 2131 Censeo
1311 2063 1405 2129 ita
1448 2060 1797 2150 legendum
1842 2083 2014 2129 esse:
2057 2066 2317 2149 „itaque
2354 2062 2767 2131 admissarius
2800 2067 2958 2149 iste,
2982 2066 3072 2130 si-

689 2169 833 2237 mul
878 2171 1132 2236 audivit
1177 2168 1577 2255 voluptatem
1635 2191 1672 2236 a
1733 2169 2110 2255 philosopho
2172 2177 2339 2235 tanto
2402 2176 2727 2257 tantopere
2785 2170 3035 2237 laudari
3055 2218 3071 2249 ‚

687 2278 854 2343 nihil
896 2280 1256 2362 expiscatus
1303 2282 1425 2355 est3
1475 2279 1567 2343 sic
1613 2297 1761 2343 suos
1806 2296 2027 2342 sensus
2064 2276 2457 2362 voluptarios
2493 2280 2703 2344 omnis
2738 2278 3071 2355 incitavit,

686 2386 780 2449 sic
825 2383 904 2449 ad
951 2383 1132 2447 illius
1179 2381 1342 2448 hanc
1387 2384 1738 2449 orationem
1781 2382 2180 2468 adhinnivit,
2232 2389 2303 2448 ut
2345 2404 2473 2449 non
2520 2384 2905 2471 magistrum
2944 2386 3075 2451 vir-

685 2492 848 2555 tutis
891 2488 1004 2555 sed
1047 2494 1369 2555 auctorem
1415 2488 1704 2554 libidinis
1745 2510 1789 2554 a
1832 2509 1901 2555 se
1946 2487 2139 2554 illum
2186 2492 2524 2556 inventum
2571 2492 2867 2557 arbitrari
2912 2492 3071 2557 vide-

683 2607 870 2662 retur.
955 2600 1230 2663 Graecus
1275 2598 1484 2682 primo
1531 2595 1927 2683 distinguere
1970 2601 2037 2662 et
2078 2597 2361 2663 dividere
2407 2595 2525 2663 illa
2571 2617 2761 2682 quem
2809 2597 2890 2664 ad
2935 2619 3071 2664 mo-

685 2702 844 2768 dum
909 2703 1303 2780 dicerentur-3
1368 2705 1492 2768 iste
1538 2701 1805 2769 claudus
1823 2749 1839 2779 ,
1886 2723 2079 2787 quem
2132 2703 2210 2768 ad
2254 2703 2520 2770 modum
2569 2705 2773 2781 aiunt,
2828 2703 3066 2790 pilam3

682 2813 954 2875 retinere
1021 2809 1190 2894 quod
1258 2817 1618 2893 acceperat3
1691 2807 2019 2873 testificari
2033 2857 2051 2892 ,
2133 2807 2385 2874 tabulas
2462 2810 2797 2897 obsignare
2864 2809 3031 2877 velle
3048 2855 3067 2887 ‚

681 2914 1036 3001 Epicurum
1096 2915 1323 2979 diserte
1383 2915 1454 2977 id
1510 2913 1754 2998 dicere;
1826 2913 2033 2978 etenim
2103 2913 2299 2999 dicit,
2369 2926 2446 2981 ut
2511 2916 2733 3001 opinor
2805 2915 3069 3002 (Epicu-

682 3019 867 3104 rus)’'
915 3019 1054 3086 rell.

773 3125 1025 3192 Partim
1073 3125 1228 3190 haec
1274 3145 1353 3190 ex
1400 3123 1725 3212 Madvigii
1764 3126 2243 3204 emendation03
2282 3135 2449 3194 canto
2490 3128 3071 3214 addidi3arbitran1

682 3230 1003 3298 videantur
1068 3249 1183 3316 pro
1252 3230 1655 3295 arbitraretur
1725 3231 1909 3310 dedi,
1976 3236 2291 3299 sententia
2351 3237 2731 3319 requisitum
2752 3284 2771 3320 ‚
2833 3235 3069 3302 additis

681 3336 926 3422 aliquot
961 3336 1198 3402 litteris
1217 3383 1233 3414 ,
1277 3355 1437 3420 quae
1473 3337 1641 3401 inter
1678 3336 1924 3402 similes
1963 3338 2370 3416 exciderunt3
2409 3348 2551 3425 post
2579 3341 2775 3423 pilam
2804 3340 3069 3408 distinc-

680 3442 923 3509 tionem
981 3439 1232 3506 Halmii
1298 3442 1584 3526 restitui3
1631 3443 2041 3526 proverbium
2092 3450 2220 3510 est:
2269 3446 2520 3508 claudus
2555 3446 2751 3528 pilam
2770 3493 2788 3525 ,
2834 3449 3069 3514 omisso

679 3547 908 3632 verbo,
955 3551 1032 3612 ut
1078 3566 1266 3631 saepe
1311 3549 1379 3610 in
1423 3549 1809 3631 proverbiis;
1858 3551 2205 3614 sententia:
2254 3548 2526 3616 firmiter
2571 3553 2838 3637 retinet,
2888 3557 3069 3618 metu

678 3673 760 3720 ne
817 3655 930 3720 vix
991 3659 1251 3739 partum
1311 3673 1531 3718 rursus
1595 3656 1886 3732 amittat3
1937 3653 2156 3720 haeret
2199 3655 2351 3722 Piso
2398 3658 2465 3722 in
2514 3657 2707 3724 verbo
2746 3660 3070 3745 voluptatis

681 3768 746 3826 et
808 3759 1056 3825 nullam
1119 3758 1608 3845 explicationem
1674 3759 1966 3826 admittit
2011 3759 2377 3827 Philodemi
2398 3812 2416 3847 ,
2462 3783 2587 3847 quo
2633 3766 2771 3829 eius
2816 3765 3063 3852 signifi·

683 3864 849 3932 catio
909 3864 1207 3931 leniatur.
1303 3863 1673 3932 Obtestatur
1735 3871 1799 3932 et
1846 3864 2084 3932 clamat
2128 3866 2278 3932 Piso
2299 3915 2315 3946 ,
2362 3869 2631 3935 totidem
2680 3869 2915 3938 litteris
2960 3894 3064 3938 vo-

680 3972 966 4056 captatam
1027 3971 1264 4036 dixisse
1311 3971 1666 4056 Epicurum
1714 3973 2063 4038 secundum
2111 3972 2591 4042 Philodemum.
2684 3975 3063 4066 Madvigius

679 4077 1044 4155 „desertum
1091 4075 1360 4161 dicere'’,
1407 4076 1766 4161 explicans:
1818 4077 2209 4163 „Epicurum
2232 4078 2575 4148 ,clamabat
2620 4082 2700 4148 ab
2739 4084 2823 4149 iis
2862 4084 3067 4150 deser-

676 4189 820 4248 tum
870 4202 1040 4266 esse,
1088 4182 1199 4266 qui
1250 4181 1487 4269 dogma
1531 4181 1610 4247 de
1657 4185 1934 4267 corporis
1980 4183 2311 4271 voluptate
2354 4207 2480 4252 non
2528 4187 2876 4254 tenerent.”
2939 4187 3065 4256 Sed

675 4308 802 4353 non
864 4291 1162 4355 convenit
1201 4288 1329 4354 tale
1375 4287 1686 4352 iudicium
1738 4291 2025 4374 (quinam
2073 4290 2485 4359 descivissent
2532 4314 2570 4359 a
2614 4295 2948 4382 magistro)
2994 4298 3062 4362 in

676 4412 827 4458 eum
848 4442 865 4477 ,
929 4396 1041 4479 qui
1101 4395 1370 4460 vixdum
1433 4393 1787 4478 Epicurum
1850 4403 2147 4476 noverat,
2206 4404 2272 4463 et
2332 4405 2667 4484 tamquam
2711 4403 2778 4464 in
2822 4421 3061 4472 novum

672 4501 1008 4568 inventum
1050 4501 1120 4566 in
1167 4499 1519 4570 doctrinam
1558 4499 1636 4566 de
1671 4498 2004 4586 voluptate
2043 4501 2373 4572 inciderat.
2422 4504 2603 4576 Libri
2638 4525 2798 4579 recc-
2821 4506 3075 4580 habeut.
