3414 5158
1343 418 1348 423 .
1462 380 1654 433 mss.
1850 467 1857 474 .
2613 363 2743 433 123

362 548 432 617 τέ
448 598 466 629 ,
515 547 625 616 sed
671 569 900 635 parum
943 546 1216 617 feliciter
1261 551 1534 615 coniecit
1579 546 1815 622 κᾶλλος
1831 597 1848 628 ,
1898 568 2060 635 quae
2109 549 2302 615 cresis
2344 552 2569 635 poetae
2589 598 2606 625 ‚
2634 548 2747 634 qui

363 660 621 725 omnino
669 657 826 723 crasi
881 676 1134 744 perraro
1179 662 1244 723 et
1288 659 1356 721 in
1401 658 1805 743 paucissimis
1856 658 2092 735 utitur,
2140 676 2395 742 prorsus
2440 656 2748 722 inusitate

363 770 481 831 est.
526 761 842 849 Equidem
891 762 1144 830 facilius
1191 764 1390 830 feram
1437 765 1820 850 scripturam
1868 783 2061 849 quam
2100 782 2135 828 e
2172 764 2379 828 tribus
2424 761 2749 828 codicibus

365 869 969 938 Vretislaviensibus
1015 873 1300 937 notavit:

636 976 831 1056 σίγα,
881 976 987 1055 μή
1034 997 1157 1049 τις
1207 976 1310 1042 ἔτ’
1358 974 1612 1051 ἄλλος
1666 976 1949 1057 Ἀχαιῶν
1994 978 2205 1040 τοῦτον
2252 974 2506 1057 οἰκούσῄ.

453 1082 602 1151 Scio
659 1083 908 1151 codices
968 1104 1102 1175 esse
1147 1088 1428 1151 recentes
1479 1089 1543 1150 et
1587 1103 1820 1169 parvae
1864 1086 1979 1148 aut
2022 1081 2267 1148 nullius
2313 1082 2711 1148 auctoritatis
2731 1128 2749 1159 ,

363 1190 473 1257 sed
535 1211 660 1257 non
721 1188 910 1257 video
969 1210 1084 1255 cur
1147 1189 1618 1276 vilipendamus
1663 1192 1721 1255 si
1766 1188 1921 1274 quid
1967 1188 2035 1253 in
2082 1187 2264 1255 libris
2309 1186 2415 1255 vel
2459 1186 2753 1274 pessimis

361 1297 510 1364 boni
557 1300 882 1383 repertum
927 1297 1030 1363 sit.

459 1520 502 1582 Ξ
551 1509 684 1577 300
2062 1582 2069 1589 .

635 1616 740 1683 τὸν
788 1614 852 1682 δὲ
897 1614 1376 1697 δολοφρονέουσα
1423 1614 1735 1696 προσηύδα
1782 1617 2006 1681 πότνια
2048 1615 2203 1697 Ἥρη
2225 1636 2243 1657 ·

640 1720 903 1803 ἔρχομαι
952 1722 1218 1803 ὀψομένη
1266 1722 1666 1803 πολυφόρβου
1714 1722 1982 1803 πείρατα
2032 1722 2221 1800 γαίης
2260 1741 2270 1751 ·

640 1831 955 1895 Ὠκεανοῦ
1001 1854 1072 1895 τε
1117 1829 1260 1895 θεῶν
1307 1827 1546 1909 γένεσιν
1592 1829 1698 1894 καὶ
1748 1826 1987 1910 μητέρα
2033 1826 2277 1913 Τηθύν,

637 1934 700 2001 οἵ
733 1939 806 2014 μ’
855 1937 916 2001 ἐν
962 1944 1173 2018 σφοῖσι
1224 1935 1490 2014 δόμοισιν
1535 1934 1603 2001 ἐὺ
1651 1933 1875 2017 τρέφον
1928 1935 2017 2012 ἠδ’
2062 1937 2445 2001 ἀτίταλλον·

634 2042 774 2116 τοὺς
821 2038 948 2121 εἶμ’
995 2042 1300 2124 ὃψομὲνη,
1352 2044 1464 2110 καί
1508 2044 1623 2126 σφ’
1671 2042 1897 2124 ἄκριτα
1943 2043 2151 2108 νείκεα
2197 2040 2387 2108 λύσω.

635 2149 742 2227 ἤδη
792 2150 919 2229 γὰρ
966 2149 1134 2230 δηρὸν
1179 2147 1396 2231 χρόνον
1441 2150 1735 2225 ἀλλήλων
1779 2148 2130 2237 ἀπέχονται

634 2256 806 2329 εὐνῆς
855 2255 958 2319 καὶ
1006 2253 1343 2337 φιλότητος
1367 2308 1382 2335 ,
1435 2256 1568 2321 ἐπεὶ
1614 2254 1807 2337 χόλος
1855 2254 2093 2333 ἔμπεσε
2140 2258 2327 2337 θυμῷ.

455 2360 636 2428 Haec
697 2362 843 2431 Iovi
903 2362 1116 2429 dicens
1177 2362 1340 2430 Iuno
1397 2363 1629 2430 iisdem
1693 2364 1903 2429 utitur
1964 2364 2175 2430 verbis
2194 2409 2212 2442 ‚
2275 2363 2509 2449 quibus
2566 2382 2757 2447 supra

363 2487 480 2533 usa
545 2471 644 2533 est
704 2467 783 2534 ad
831 2466 1147 2534 Venerem
1174 2518 1191 2545 ,
1239 2488 1280 2535 a
1324 2488 1452 2554 qua
1494 2470 1658 2555 petit
1702 2469 2022 2551 φιλότητα
2071 2468 2176 2534 καὶ
2226 2467 2463 2550 ἵμερον,
2508 2468 2619 2535 sed
2664 2468 2759 2535 ibi

363 2577 508 2658 post
553 2594 643 2640 vs.
697 2570 830 2642 207
879 2589 1232 2659 sequuntur
1273 2574 1347 2640 hi
1391 2578 1520 2640 tres
1564 2595 1817 2641 versus:

728 2680 779 2745 εὶ
829 2679 1002 2745 κείνω
1053 2679 1298 2746 ἐπέεσσι
1346 2681 1891 2760 παραιπεπιθοῦσα
1935 2680 2122 2762 φίλον
2169 2687 2278 2761 κῆρ

727 2787 812 2858 εἷς
860 2787 1032 2861 eursu
1079 2785 1372 2864 ἀνέσαιμι
1421 2787 1723 2864 δμωύῆναι
1774 2785 2069 2869 φιλότητι

727 2892 855 2959 ale!
899 2917 1000 2958 κεν
1048 2899 1164 2975 σφι
1212 2893 1372 2975 φίλη
1419 2918 1491 2958 τε
1539 2893 1644 2959 καὶ
1692 2894 1888 2968 αίδοίη
1934 2895 2291 2971 καλεοίμην.

361 3019 635 3085 quorum
694 2999 820 3066 duo
864 3000 1058 3086 primi
1105 3001 1303 3066 etiam
1350 3000 1472 3067 hoc
1517 3001 1656 3067 loco
1703 3000 2011 3089 leguntur
2056 3002 2125 3065 in
2172 3003 2427 3068 vetusto
2473 2999 2753 3087 palimp-

361 3111 557 3172 sesto.
587 3103 854 3194 Syriaco
870 3154 888 3184 ,
937 3109 1121 3173 cuius
1165 3106 1466 3173 librarius
1511 3106 1851 3174 manifesto
1898 3127 2105 3173 errore
2151 3107 2421 3174 scribere
2465 3106 2755 3194 neglexit

365 3212 649 3278 tertium.
741 3210 814 3278 Si
870 3211 1087 3278 autem
1135 3213 1203 3278 in
1248 3211 1513 3280 Iunonis
1559 3212 1637 3279 ad
1685 3213 1904 3281 Iovem
1954 3215 2235 3280 oratione
2282 3219 2451 3281 recte
2496 3216 2753 3301 repetiti

361 3324 511 3383 sunt
559 3338 781 3384 versus
827 3316 1186 3384 304-306
1233 3340 1310 3387 ex
1359 3319 1492 3387 205
1507 3318 1745 3398 -207,
1788 3320 2059 3386 dubium
2102 3341 2225 3387 non
2264 3325 2363 3387 est
2400 3341 2507 3386 me
2543 3320 2769 3387 iudice·

365 3426 520 3510 quin
567 3426 763 3491 etiam
812 3425 882 3490 hi
928 3430 1056 3491 tres
1105 3426 1409 3493 versiculi
1455 3426 1783 3513 repetendi
1830 3429 1978 3492 sint.
2074 3425 2200 3492 Sed
2244 3427 2459 3513 potius
2509 3427 2765 3494 obtem-'

363 3530 716 3616 perandum
779 3535 875 3597 est
927 3530 1246 3599 Zenodoto
1301 3533 1372 3598 in
1429 3535 1713 3599 oratione
1774 3533 1857 3598 ad
1919 3532 2139 3624 Iovem
2202 3554 2327 3599 non
2380 3532 2591 3599 solum
2636 3532 2754 3600 hos

364 3657 584 3703 versus
643 3657 767 3703 non
827 3641 1174 3724 repetenti,
1237 3638 1345 3705 sed
1409 3639 1606 3705 etiam
1665 3641 1995 3704 omittenti
2054 3659 2176 3703 vss.
2232 3636 2613 3722 304-306,
2660 3641 2755 3705 ita

365 3746 440 3808 ut
484 3742 643 3809 Iuno
691 3745 1139 3811 tantummodo
1181 3745 1352 3812 dicat
1401 3766 1468 3811 se
1513 3743 1838 3812 Oceanum
1890 3742 2271 3830 Tethynque
2316 3746 2521 3812 visere
2565 3745 2754 3833 velle,

364 3852 618 3916 omissis
663 3853 960 3918 omnibus
1003 3855 1088 3918 iis
1135 3873 1298 3938 quae
1341 3851 1759 3936 colloquentis
1806 3870 1953 3916 cum
1996 3849 2237 3918 Venere
2284 3849 2548 3918 consilio
2571 3857 2721 3938 apta
2737 3902 2755 3939 ,

363 3957 430 4020 in
474 3939 754 4022 oratione
797 3956 878 4024 ad
925 3957 1144 4026 Iovem
1193 3960 1395 4025 otiose
1442 3977 1578 4023 esse
1627 3942 1946 4024 videntur.

453 4183 727 4271 Antiqui
771 4191 992 4272 poetae
1038 4205 1162 4252 non
1211 4206 1347 4253 esse
1391 4185 1840 4253 affirmaverim
1890 4206 2049 4273 quos
2094 4207 2315 4254 versus
2360 4189 2608 4254 uncinis
2653 4189 2755 4255 in-

364 4291 656 4358 dicavero
702 4301 748 4356 Ρ
799 4289 931 4356 453
978 4312 1135 4377 sqq„
1188 4291 1300 4358 ubi
1345 4291 1586 4380 Iupiter
1633 4313 1825 4378 equos
1872 4291 2228 4360 Patroclem
2278 4291 2573 4381 lug-entes
2622 4295 2747 4360 mi-

360 4401 606 4464 seratus
651 4396 808 4464 haec
855 4397 1056 4464 dicit:

724 4509 920 4586 σφῶιν
968 4503 1020 4574 δ’
1067 4503 1126 4570 ἐν
1174 4505 1457 4588 γούνεσσι
1505 4504 1690 4588 βαλῶ
1738 4505 1917 4586 μένος
1966 4506 2057 4586 ηδ’
2104 4504 2187 4572 ἐνὶ
2238 4505 2433 4588 θυμῷ,
