3414 5158
687 342 824 411 118
1255 374 1258 379 -
1550 300 1557 306 ’
1776 356 1967 407 mus.

1043 527 1218 609 ἀμφὶ
1268 526 1375 602 σέ,
1423 522 1658 600 Πηλέος
1710 524 1801 590 υἱέ
1822 572 1841 609 ,
1888 522 2111 603 μάχης
2161 520 2447 602 άκόρεςον
2492 520 2741 603 Ἀχαιοὶ

1043 639 1246 713 Τρῶες
1297 632 1351 697 δ’
1402 629 1536 698 αὖθ’
1585 630 1863 724 ἑτέρωθεν
1908 630 2007 695 ἐπὶ
2060 630 2306 709 θρωσμῷ
2355 627 2593 695 πεδίοιο.

773 741 938 822 Quia
999 746 1213 805 tamen
1260 739 1422 804 alter
1467 758 1656 823 quem
1703 740 1947 803 inserui
1991 757 2213 804 versus
2257 754 2381 801 non
2429 748 2525 801 est
2570 735 2958 801 necessarius
3006 738 3077 797 et

681 847 963 913 dubitari
1025 852 1265 931 potest.
1327 866 1484 910 num
1527 843 1690 909 illud
1737 843 1961 925 μάχης
2007 841 2293 927 άκθρεςον
2343 844 2499 907 satis
2544 841 2878 908 conveniat
2922 861 3074 927 per-

679 973 870 1019 sonae
930 954 1464 1039 Agamemnonis,
1525 951 1738 1017 nescio
1802 970 1884 1015 an
1952 948 2185 1015 melius
2232 949 2629 1033 suspicemur
2674 946 3077 1014 intercidisse

681 1080 886 1123 unum
933 1078 1228 1124 versum:

957 1160 1032 1237 ὣς
1082 1164 1132 1227 οἱ
1165 1164 1296 1241 ,μὲν
1342 1162 1516 1244 παρὰ
1562 1162 1728 1237 νηυσὶ
1780 1162 2043 1242 κορωνίσι
2094 1160 2483 1241 θωρήσσοντο.

771 1388 832 1445 Λ
882 1376 1013 1444 239
1059 1398 1156 1463 sq.
2656 1424 2661 1427 -

863 1485 970 1551 καὶ
1015 1484 1089 1550 τό
1134 1508 1214 1564 γε
1260 1485 1372 1570 (sc.
1421 1481 1583 1570 δόρυ)
1628 1482 1789 1564 χειρὶ
1840 1482 2057 1562 λαβὼν
2102 1478 2243 1561 εὐρὺ
2291 1478 2495 1561 κρείων
2542 1477 2963 1558 Ἀγαμέμνων

863 1589 997 1658 ἕλκ’
1051 1591 1152 1655 ἐπὶ
1201 1585 1261 1657 οἶ
1303 1590 1562 1669 μεμαὼς
1613 1587 1701 1663 ὥς
1748 1613 1834 1653 τε
1881 1589 2048 1668 λίς,
2096 1588 2164 1653 ἐκ
2209 1587 2261 1652 δ’
2310 1587 2433 1667 ἄρα
2479 1585 2682 1667 χειρὸς

865 1696 1238 1764 σπάσσατο·
1290 1698 1419 1762 κτὲ.

773 1803 1170 1869 Perabsurde
1227 1801 1490 1888 quidam
1550 1803 1927 1886 interpretes
1946 1848 1963 1877 ,
2023 1799 2092 1865 in
2154 1801 2386 1885 quibus
2448 1804 2547 1866 est
2606 1798 2868 1865 Faesius
2885 1846 2903 1877 ,
2966 1821 3071 1866 se-

689 1916 973 1997 quuntur
1035 1908 1427 1975 Scholiastae
1488 1907 1624 1993 (BL
1672 1909 1784 1992 qui
1830 1908 2217 1991 ineptiarum
2264 1908 2441 1971 omni
2486 1926 2717 1993 genere
2763 1904 3073 1991 abundat)

690 2017 1179 2102 explicationem
1238 2013 1578 2079 ridiculam
1638 2013 1871 2078 hance:
1923 2012 2034 2077 καὶ
2076 2010 2128 2079 οἱ
2176 2012 2417 2084 λέοντες
2461 2012 2590 2091 γάρ
2639 2010 3069 2093 ὑφαρπάζουσι

685 2130 803 2189 τῶν
866 2127 1214 2201 κυνηγετῶν
1269 2121 1356 2185 τά
1403 2118 1666 2199 δόρατα,
1716 2118 2160 2198 ἀφαιρούμενοι
2206 2124 2324 2184 τῶν
2369 2116 2716 2184 κτεινόντων
2764 2117 2853 2183 τοὶ
2900 2112 3075 2181 ὅπλα

693 2230 798 2295 καὶ
863 2228 1259 2295 λανθάνουσιν
1323 2224 1579 2299 ἑαυτοὺς
1628 2224 2081 2306 τιτρώσκοντες.
2172 2224 2585 2291 Umbratious
2630 2224 2822 2305 homo
2839 2273 2856 2304 ,
2906 2223 3077 2290 unde

691 2339 954 2423 egregia
1024 2334 1179 2400 haec
1242 2333 1527 2399 doctrina
1587 2334 1913 2411 manavit,
1978 2330 2191 2399 leones
2266 2331 2551 2398 venando
2626 2331 2694 2395 id
2766 2330 3079 2397 didicerat

687 2442 956 2508 scilicet.
2380 2500 2389 2509 .

775 2546 1188 2614 Manifestum
1255 2551 1352 2614 est
1370 2596 1384 2624 ,
1459 2549 1535 2612 ut
1597 2546 1870 2612 arbitror
1888 2593 1905 2623 ,
1973 2548 2225 2632 poetam
2288 2564 2411 2610 non
2458 2545 2741 2612 iunxisse
2786 2539 2923 2609 ’ἕλκ’
2972 2542 3075 2609 ἐπὶ

684 2649 744 2720 οἶ
798 2652 915 2725 ὦςε
997 2655 1091 2726 λίς
1119 2702 1136 2730 ,
1201 2654 1311 2720 sed
1376 2655 1638 2732 μεμαὼς
1705 2650 1782 2725 ὥς
1850 2677 1919 2717 τε
1982 2652 2121 2728 λίς,
2206 2671 2411 2737 neque
2492 2653 2699 2739 igitur
2764 2649 3075 2738 intellego

684 2764 836 2846 q'uid
930 2781 1188 2827 movere
1279 2762 1561 2846 potuerit
1643 2757 2019 2824 Nauckium
2088 2764 2163 2824 ut
2234 2763 2563 2824 annotaret
2636 2755 2763 2836 »ὥς
2832 2782 2904 2824 τε
2974 2759 3073 2828 λίς

683 2868 877 2934 verba
964 2865 1258 2952 supecta”
1341 2866 1658 2950 siquidem
1747 2869 1883 2928 tam
1952 2870 2236 2930 metrum
2305 2884 2497 2948 quam
2570 2865 2883 2930 sententia
2950 2863 3074 2930 sal·

681 2994 839 3040 vum
889 2979 1006 3040 est.

772 3199 831 3254 A
886 3183 1018 3252 540

907 3291 1109 3370 αὐτὰρ
1156 3288 1184 3356 ὃ
1232 3291 1524 3379 (Hector)
1575 3297 1690 3356 τῶν
1740 3289 1952 3358 ἄλλων
1998 3293 2376 3358 ἐπεπωλεῖτο
2426 3293 2626 3375 σι’χας
2674 3292 2894 3374 ἀνδρῶν

779 3473 783 3478 v
907 3395 1103 3478 ἔγχεΐ
1141 3400 1199 3463 τ’
1247 3394 1377 3478 ἄορί
1422 3421 1494 3462 τε
1542 3395 1878 3476 μεγάλοισι
1928 3421 1999 3462 τε
2049 3397 2498 3478 χερμαδίοισιν,

905 3503 1165 3577 Αἴαντος
1215 3503 1266 3569 δ’
1315 3503 1549 3570 άλέεινε
1596 3503 1819 3584 μάχην
1868 3505 2369 3581 Τελαμωνιάδαο
2396 3509 2448 3543 ·’

907 3609 1060 3683 Ζεὺς
1109 3609 1234 3688 γάρ
1282 3611 1332 3675 οἱ
1382 3609 1694 3688 veneo-220¹,
1746 3605 1782 3674 ὅ
1822 3608 1883 3673 τ’
1935 3609 2201 3686 ἀμείνονι
2250 3611 2413 3689 Φωτ)
2460 3609 2759 3691 μάχοιτο.

769 3715 1020 3782 Horum
1081 3738 1386 3784 versuum
1450 3716 1799 3782 secundum
1864 3718 2083 3782 omisit
2146 3715 2532 3783 Plutarchus
2576 3718 2656 3783 de
2702 3717 2848 3794 aud.
2901 3723 3064 3803 poet.

677 3843 742 3908 p.
785 3823 872 3886 24
898 3822 971 3900 C,
1013 3831 1309 3908 quartum
1349 3823 1614 3890 Homeri
1653 3822 1899 3889 codices
1922 3843 2177 3906 omnes,
2204 3822 2312 3889 sed
2340 3825 2601 3888 accessit
2625 3845 2701 3888 ex
2724 3823 3069 3890 Aristotele

679 3936 744 3994 et
789 3929 1157 3996 Plutarcho.
1229 3929 1546 4014 Equidem
1592 3949 1814 3995 omnes
1860 3934 2129 4014 quatuor
2169 3929 2387 3994 abesse
2432 3928 2659 3993 malim
2680 3976 2696 4009 ‚
2746 3934 2812 3995 et
2857 3933 3067 3995 nescio

679 4055 760 4099 an
806 4037 872 4098 in
923 4036 1222 4101 honorem
1269 4036 1477 4100 herois
1523 4018 1861 4100 Salaminii
1908 4035 1987 4100 ab
2037 4033 2411 4100 Atheniensi
2458 4037 2667 4100 nescio
2714 4055 2842 4122 quo
2880 4037 3067 4120 rhap-

678 4141 828 4206 sodo
890 4141 1254 4226 interpolati
1319 4143 1468 4205 sint.
1564 4140 1690 4219 Qui
1738 4142 1794 4204 si
1844 4141 2109 4225 absunt,
2157 4139 2482 4225 aliquanto
2531 4143 2743 4226 aptius
2790 4144 3067 4207 narratio

677 4246 980 4331 procedit.
1075 4251 1240 4312 Aiax
1301 4246 1448 4312 inde
1478 4244 1484 4251 “
1510 4266 1548 4310 a
1611 4267 1705 4311 vs.
1764 4245 1892 4310 485
1940 4246 2191 4313 fortiter
2235 4267 2528 4335 pugnans
2576 4248 2820 4334 lapsam
2871 4245 3065 4314 Grae·

678 4370 894 4417 corum
959 4374 1096 4419 rem
1151 4351 1500 4439 paullisper
1546 4354 1863 4430 restituit,
1912 4353 2108 4420 donec
2152 4353 2396 4422 Hector
2442 4350 2770 4424 Gebrionis
2816 4355 3067 4424 monitu

677 4477 1008 4526 accurrens
