3414 5158
1423 375 1663 434 01011110.
2104 403 2109 406 -
2658 361 2743 431 '77

328 549 640 633 royam'b'fi
733 551 828 616 At
888 549 1052 616 nihil
1113 549 1515 615 mutandum.
1607 549 1805 614 Recte
1867 549 2105 614 dicitnr
2161 548 2381 614 detulit
2426 570 2547 624 me3
2593 567 2747 613 nam

335 658 598 744 deferre
629 656 886 742 aliquem
922 665 1018 722 est
1061 675 1292 720 nomen
1341 655 1613 720 alicuius
1632 702 1647 731 ,
1700 657 1809 740 qui
1860 653 2099 721 electus
2139 661 2270 738 est,
2312 654 2391 718 ad
2432 656 2745 719 aerarium

342 762 637 845 deferre,
684 763 796 827 ubi
844 761 1098 846 publice
1142 768 1542 846 proponatur.
1641 759 1746 825 Sic
1794 758 1981 825 fiebat
2028 763 2095 825 in
2141 762 2267 825 reis
2314 780 2595 845 quoque,
2638 779 2751 825 no-

343 870 609 934 tissimo
655 889 774 933 usu
798 915 814 942 ‚
863 888 1046 952 porro
1091 870 1156 932 in
1206 868 1536 952 praefectis
1583 874 1648 933 et
1693 866 1857 931 aliis.
1908 865 2065 931 Inde
2114 865 2597 952 explicandum:
2638 885 2751 930 no-

345 995 506 1039 men
553 973 824 1038 alicuius
871 994 922 1038 0.
972 972 1251 1057 aliquem
1297 974 1366 1036 in
1413 971 1732 1038 beneficiis
1778 972 2017 1038 deferre
2057 972 2137 1037 ad
2184 974 2533 1046 aerarium,
2562 971 2749 1037 Fam.

347 1078 439 1145 V.
502 1078 610 1144 20.
662 1079 723 1158 ¹7,
783 1100 896 1165 pro
957 1079 1150 1144 Arch.
1223 1079 1328 1144 11.
1392 1077 1498 1143 Sic
1547 1077 1769 1145 Cicero
1818 1078 2072 1165 legatus
2120 1085 2255 1144 erat
2303 1078 2381 1143 ad
2432 1080 2748 1143 aerarium

354 1185 640 1262 delatus,
715 1186 824 1252 sed
886 1186 1185 1251 honorem
1253 1186 1620 1271 deprecatus
1681 1190 1838 1251 erat.
1904 1182 1997 1251 Of.
2066 1184 2146 1250 ad
2191 1187 2325 1250 Att.
2386 1184 2455 1250 V.
2506 1183 2546 1251 7
2600 1184 2751 1260 „sed

355 1295 582 1357 tamen
626 1298 701 1356 nt
745 1291 1117 1356 mandatum
1167 1294 1327 1356 scias
1371 1313 1478 1358 me
1523 1311 1775 1356 curasse
1798 1340 1815 1365 ,
1868 1297 2025 1374 quot
2071 1296 2251 1366 ante,
2302 1292 2393 1356 ait
2442 1311 2511 1354 se
2558 1289 2752 1354 Pom-

358 1400 583 1481 peius,
647 1401 872 1482 quinos
920 1400 1176 1481 (nempe
1223 1399 1478 1480 utrique
1524 1397 1901 1480 Hispaniae)
1950 1396 2293 1481 praefectos
2344 1393 2751 1460 delaturum”

364 1501 517 1586 (sec.
581 1503 828 1580 Madv.;
895 1524 1053 1568 num
1113 1502 1266 1567 fuit:
1334 1524 1447 1586 quo
1495 1503 1568 1565 de
1613 1498 1795 1574 ame?
1843 1502 1987 1567 libri
2033 1502 2192 1585 quod
2234 1507 2400 1577 ante,
2450 1502 2541 1564 sic
2588 1505 2756 1565 10010

365 1616 751 1691 sequuntur:
838 1628 1072 1685 „novos
1141 1606 1491 1673 vacationis
1561 1606 1931 1672 iudiciariae
2002 1605 2266 1670 causa'’'
2308 1627 2453 1670 cum
2526 1608 2631 1689 qui
2644 1608 2759 1670 bus

369 1711 590 1777 Madv.
656 1712 894 1777 confert
961 1713 1065 1777 11.
1117 1711 1207 1797 6).
1300 1711 1424 1777 Pro
1484 1711 1687 1777 Balbo
1752 1709 1873 1776 63:
1924 1714 1991 1776 in
2038 1718 2369 1796 praetura,
2416 1714 2484 1774 in
2531 1731 2758 1775 consu-

365 1816 508 1882 latu
579 1819 964 1902 praefectum
1017 1806 1270 1882 fabrum
1334 1817 1589 1882 detulit.
1683 1816 1859 1882 Suet.
1930 1817 2170 1882 Domit.
2234 1816 2311 1883 9:
2387 1837 2597 1899 ‚reos.
2648 1818 2760 1901 qui

367 1928 515 1987 ante
563 1925 1064 2008 quinquennium
1115 1924 1482 2006 proximum
1530 1922 1701 2005 apud
1747 1925 2063 1988 aerarium
2106 1923 2576 2007 pependissent.
2622 1923 2763 1987 nni-

371 2047 582 2093 versos
651 2027 1018 2092 discrimine
1085 2026 1452 2094 liberavit.”
1545 2027 1763 2092 Madv·
1829 2026 1989 2093 Rev.
2058 2028 2135 2094 de
2194 2028 2432 2094 Philol.
2484 2039 2548 2094 et
2598 2028 2759 2094 Litt.

383 2131 581 2210 1878,
655 2129 838 2206 Jnill.
907 2152 967 2217 p.
1045 2131 1194 2198 185.
1265 2132 1361 2198 De
1422 2154 1491 2198 re
1557 2133 1636 2198 cf.
1688 2132 1876 2200 Prov.
1927 2130 2114 2199 Oons.
2167 2133 2289 2198 412
2342 2133 2605 2212 „consul
2650 2134 2764 2200 ille

374 2236 652 2324 (Caesar)
716 2240 854 2326 egit
914 2258 1020 2303 eas
1082 2259 1182 2304 res
1203 2289 1221 2323 ,
1284 2260 1554 2324 quarum
1619 2261 1723 2304 me
1768 2242 2147 2325 participem
2196 2261 2329 2304 esse
2374 2239 2619 2323 voluit,
2670 2277 2754 2290 -

371 2345 538 2410 1111111
597 2345 986 2432 legationem
1008 2393 1026 2423 ,
1091 2366 1283 2430 quam
1347 2345 1582 2412 vellem
1604 2393 1620 2421 ‚
1687 2352 1923 2429 quanto
1984 2367 2133 2411 cum
2200 2345 2434 2411 honore
2489 2345 2756 2424 vellem,

377 2449 672 2516 detulit.”
725 2450 825 2515 Ib.
875 2450 997 2515 42:
1051 2458 1308 2535 „postea
1359 2451 1526 2534 (post
1571 2448 1872 2515 Clodium
1919 2450 1999 2515 ad
2047 2450 2301 2536 plebem
2350 2451 2755 2531 traductum,
2816 2480 2824 2486 ·

375 2561 524 2622 ante
589 2553 912 2623 Ciceronis
981 2556 1279 2643 exilium)
1340 2574 1446 2620 me
1509 2560 1586 2619 ut
1647 2555 1773 2619 sibi
1829 2576 2032 2621 essem
2077 2555 2333 2643 legatus
2380 2577 2505 2623 non
2550 2556 2761 2623 solum

373 2665 610 2747 suasit,
659 2662 770 2729 sed
817 2664 1010 2727 etiam
1057 2662 1377 2750 rogavit.”

468 2872 577 2941 80.
640 2875 895 2961 Exigua
957 2880 1054 2939 est
1115 2874 1390 2941 varietas
1434 2875 1502 2937 in
1551 2872 1760 2939 verbis
1809 2877 2107 2949 „senatus
2152 2874 2533 2941 sententiam
2580 2894 2763 2959 prae-

374 2983 632 3059 staret'’,
687 3001 798 3065 pro
843 3000 972 3065 quo
1017 2980 1264 3045 codices
1310 2984 1560 3064 praeter
1605 2977 1678 3043 Τ.
1725 2977 1813 3064 (V
1853 2979 2087 3045 desinit
2125 2978 2274 3045 inde
2314 2999 2353 3044 a
2392 2979 2507 3059 ¹74)
2530 2979 2765 3046 habent

379 3087 662 3167 „senatui
723 3089 1103 3155 sententiam
1158 3084 1294 3171 pr.”
1355 3085 1558 3169 quod,
1607 3105 1754 3149 cum
1802 3086 1957 3150 olim
2010 3086 2204 3151 etiam
2252 3086 2633 3153 scriberetur
2673 3106 2765 3151 eo-

376 3200 527 3258 nacu
570 3194 676 3278 (cf.
725 3194 904 3258 Neue
946 3191 978 3257 1
1024 3214 1103 3278 p.·
1139 3189 1324 3277 357),
1374 3190 1831 3276 propemodum
1882 3192 2045 3257 nihil
2094 3191 2321 3258 differt.
2415 3192 2604 3258 Prius
2650 3193 2766 3278 (ee-

378 3302 582 3381 nacue)
641 3303 732 3365 sic
786 3299 1144 3384 explicatur
1189 3306 1262 3363 ut
1297 3307 1607 3381 praestare
1651 3300 1769 3362 sit:
1819 3298 2175 3383 periculum
2223 3302 2499 3386 recipere
2545 3300 2765 3385 (Pom-

382 3408 563 3491 peius
599 3404 839 3493 recepit
872 3406 938 3470 in
979 3426 1047 3471 se
1085 3425 1304 3471 omnes
1339 3403 1583 3469 labores
1621 3409 1686 3468 et
1721 3408 1937 3469 omnia
1973 3405 2292 3489 pericula,
2328 3427 2488 3490 quae
2511 3415 2767 3473 senatus

383 3512 746 3578 consultum
807 3514 1102 3598 consequi
1169 3511 1471 3597 possent).
1536 3508 1814 3575 Obscure
1869 3510 2144 3590 dictum,
2196 3533 2343 3577 cum
2394 3516 2765 3597 praesertim

384 3617 728 3703 Pompeius
788 3619 856 3684 id
919 3621 1168 3705 proprie
1227 3638 1350 3682 non
1415 3618 1666 3703 egisset.
1764 3614 2108 3700 Pompeius
2154 3638 2277 3683 11011
2325 3618 2641 3703 amplius,
2690 3624 2767 3683 ut

334 3761 342 3767 »
385 3721 543 3789 011111
560 3771 578 3802 ,
639 3723 894 3809 publico
953 3721 1216 3789 consilio
1277 3722 1562 3788 defuerat
1619 3720 1729 3786 sed
1790 3741 2083 3805 praesens
2140 3724 2212 3786 in
2271 3730 2495 3788 senatu
2539 3724 2766 3789 fortem

385 3832 767 3896 sententiam
829 3830 1113 3914 dixerat,
1173 3828 1248 3893 cf.
1314 3829 1351 3911 ξ
1400 3826 1483 3891 35
1552 3826 1669 3908 „de
1728 3846 1835 3889 me
1881 3832 2135 3891 senatus
2183 3829 2276 3892 ita
2321 3829 2601 3893 decrevit
2646 3826 2763 3894 Gn.

388 3934 693 4021 Pompeio
755 3941 1010 4000 auctore
1071 3940 1137 3999 et
1199 3935 1338 3997 01110
1392 3932 1741 3997 sententiae
1785 3932 2101 4016 principe,
2151 3937 2225 3997 ut
2272 3935 2327 3997 si
2373 3936 2513 4017 quis
2561 3936 2767 4018 impe-

388 4040 586 4105 disset
630 4041 906 4105 reditum
955 4060 1208 4116 meum,
1256 4040 1324 4102 in
1371 4038 1652 4102 hostium
1699 4058 1965 4102 numero
2011 4038 2399 4122 putaretur.”
2460 4038 2769 4105 Effecerat

389 4152 464 4209 nt
501 4147 766 4229 quisque
803 4144 1001 4209 libere
1039 4146 1420 4209 sententiam
1463 4143 1668 4207 dicere
1707 4145 1775 4205 in
1810 4152 2031 4207 senatu
2055 4145 2348 4222 auderet,
2374 4146 2764 4223 securitatem,

390 4248 689 4316 fiduciam
749 4253 998 4315 senatui
1059 4252 1488 4334 praestiterat;
1553 4247 1672 4312 hoc
1738 4252 1847 4333 qui
1912 4252 2217 4334 exprimit
2264 4252 2474 4315 verbis
2524 4260 2767 4315 senatur

391 4358 742 4422 efficentiam
795 4357 1140 4440 praestitit,
1214 4358 1578 4441 aenigmata
1647 4354 1930 4439 loquitur
1990 4362 2053 4419 et
2118 4358 2228 4420 vix
2292 4355 2524 4443 latine3
2586 4358 2767 4423 salva

395 4464 567 4534 enim
613 4461 932 4529 latinitate
968 4469 1211 4528 efflatus
1244 4462 1596 4527 sententiam
1621 4467 1939 4544 praestare
1977 4461 2295 4549 significat
2332 4463 2616 4549 periculo
2650 4484 2766 4531 sno
