3414 5158
628 374 763 445 286
1683 391 1925 443 ormo.

717 558 988 627 Chartae
1035 578 1327 646 percam3
1377 559 1500 623 nisi
1548 556 1885 623 librarium
1933 559 2105 625 hunc
2150 558 2503 645 perfectum
2546 561 2841 625 criticum
2880 580 3008 625 cre·

621 669 883 743 damus,
947 665 1365 731 concedamus
1426 685 1677 730 necesse
1740 670 1838 733 est
1859 712 1873 741 .
1932 686 2080 731 eum
2130 666 2429 733 habuisse
2474 668 2713 733 bonum
2760 668 2827 731 in
2874 686 3005 732 cor·

621 773 886 863 rigendo
957 771 1122 857 quod
1191 776 1557 856 sequeretur
1625 770 1991 857 exemplum
2016 821 2033 856 ,
2106 774 2242 838 sive
2310 773 2634 839 diversum
2704 794 2745 837 a
2801 776 3011 859 prima

619 902 816 947 manu
835 930 852 955 ,
918 882 1056 944 sive
1114 877 1287 945 idem
1307 927 1326 963 ,
1389 876 1498 943 sed
1562 878 1642 943 ab
1699 877 1817 943 illa
1862 876 2309 966 neglegentius
2352 879 2773 965 descriptum;
2829 879 3007 965 quid·

619 987 772 1073 quid
819 989 952 1063 est,
999 987 1137 1050 sive
1183 984 1571 1049 accuratiore
1617 983 1952 1070 archetypi
2000 982 2336 1051 collatione
2354 1032 2373 1062 ,
2415 988 2551 1051 sive
2590 1007 2667 1051 ex
2690 992 3009 1071 praestan·

619 1096 778 1160 tiore
829 1091 1041 1157 codice
1087 1090 1353 1156 meliora
1399 1088 1574 1155 dedit
1619 1109 1810 1173 quam
1867 1110 2095 1155 manus
2140 1092 2367 1175 prima.
2461 1089 2673 1157 Prava
2710 1092 3009 1157 correctio

614 1204 712 1265 est
769 1200 1155 1282 impr-ematur
1199 1196 1292 1282 (v.
1317 1197 1400 1282 s.)
1421 1242 1438 1272 ,
1489 1194 1791 1260 similiter
1837 1196 1873 1279 ᾖ
1924 1193 2009 1261 38
2054 1202 2371 1280 quaeretur
2418 1196 2635 1263 minus
2680 1203 2850 1263 recte
2896 1217 3007 1282 pro

615 1305 926 1391 quaeritur
974 1304 1399 1367 substitutum
1418 1349 1437 1386 ,
1485 1302 1522 1387 ᾖ
1567 1300 1655 1365 42
1703 1300 1957 1367 adiectis
2006 1304 2277 1368 correxit
2320 1303 2389 1367 in
2436 1304 2711 1369 adiieotis
2762 1304 3007 1387 {adaco-

615 1411 695 1475 tie
707 1406 762 1495 2)
809 1430 958 1473 cum
1007 1408 1262 1474 deberet
1308 1414 1412 1471 aut
1459 1408 1737 1483 delectis,
1794 1408 2007 1471 delecti
2043 1409 2131 1473 ib.
2174 1408 2445 1474 correxit
2485 1408 2553 1473 in
2590 1410 2797 1473 dilecti
2838 1408 2903 1494 (ᾖ
2925 1406 3012 1473 43

616 1520 782 1580 recte
849 1515 1158 1598 delectos),
1226 1514 1262 1597 ᾖ
1325 1512 1412 1577 54
1469 1522 1809 1595 separatum
1874 1515 2157 1579 mutavit
2229 1516 2297 1579 in
2358 1514 2623 1580 dubiam
2670 1513 3010 1581 lectionem

619 1622 746 1707 (me
809 1625 1028 1686 tamen
1086 1618 1297 1684 iudice
1351 1638 1476 1683 non
1525 1618 1969 1700 abiiciendam)
2019 1622 2370 1701 separatim,
2425 1619 2532 1685 sed
2580 1619 2733 1686 haec
2781 1620 3014 1705 pusilla

613 1749 738 1793 non
785 1732 934 1792 sunt
981 1729 1075 1792 ita
1121 1724 1332 1791 multa
1379 1746 1581 1809 neque
1629 1728 1723 1789 ita
1770 1745 1966 1809 prava
1988 1774 2003 1801 ,
2056 1728 2210 1809 quin
2258 1746 2337 1791 ex
2384 1726 2597 1792 codice
2646 1728 3006 1811 ceteroquin

614 1836 774 1901 bono
839 1838 978 1898 orta
1044 1852 1180 1896 esse
1245 1832 1586 1915 potuerint.
1684 1829 2254 1914 Interpretamenta
2302 1831 2565 1897 alterius
2612 1852 2841 1897 manus
2886 1852 3007 1895 non

611 1942 1060 2007 inveniuntur:
1111 1958 1262 2003 nam
1311 1935 1478 2021 quod
1524 1938 1560 2019 ς
1611 1934 1698 2000 60
1741 1935 1986 2020 aliquot
2030 1938 2221 2002 verba
2263 1937 2285 2023 (
2298 1958 2477 2019 „eam
2516 1937 2780 2003 consilio
2806 1938 3009 2003 sedari

622 2044 930 2129 volebat’')
993 2044 1071 2108 ab
1137 2062 1211 2107 ea
1275 2040 1492 2106 addita
1551 2046 1616 2105 et
1681 2043 1897 2125 spuria
1944 2048 2129 2126 putat
2173 2041 2515 2113 Halmius.
2569 2042 2866 2127 deceptus
2912 2047 3008 2107 est

617 2154 797 2217 varia
843 2150 1114 2215 lectione
1157 2168 1282 2213 non
1333 2150 1489 2212 satis
1535 2146 1880 2233 diligenter
1918 2147 2173 2213 tradita.
2221 2148 2417 2213 Recte
2458 2146 2534 2215 G.
2586 2148 2657 2213 1⁴¹.
2687 2147 2795 2213 W.
2842 2147 3015 2214 Mul-

619 2256 790 2322 lerus
851 2255 1052 2342 legit:
1129 2252 1341 2340 „Ergo
1403 2252 1721 2338 Archytas
1784 2252 2178 2317 iracundiam
2245 2254 2541 2319 videlicet
2604 2253 3013 2319 dissidentem

621 2384 659 2427 a
707 2362 949 2426 ratione
997 2359 1370 2425 seditionem
1421 2358 1741 2441 quandam
1790 2361 1991 2423 animi
2042 2379 2187 2424 vere
2234 2359 2506 2424 ducebat
2554 2380 2810 2441 eamque
2865 2380 3017 2426 eon-

625 2467 770 2533 silio
835 2465 1040 2531 sedari
1103 2464 1395 2539 volebat3
1461 2463 1620 2531 adde
1682 2466 2021 2529 avaritiam
2072 2463 2209 2529 -’'.
2305 2462 2669 2530 Secundum
2720 2465 2807 2530 du
2852 2463 3020 2531 Rieu

623 2574 823 2641 altera
884 2595 976 2638 m.
1025 2570 1304 2636 addidit:
1370 2591 1552 2650 „eam
1603 2591 1771 2636 cons.
1824 2570 1955 2636 sed.
2004 2568 2259 2636 volebat
2302 2570 2469 2636 AD-”
2521 2576 2593 2636 ut
2637 2573 2721 2638 iis
2766 2572 3023 2636 omissis

620 2682 994 2768 proximum
1041 2677 1426 2744 vocabulum
1479 2678 1692 2762 (Ande)
1741 2676 2185 2762 imperfectum
2239 2680 2361 2754 sit,
2414 2683 2481 2743 et
2525 2679 2717 2744 verba
2760 2677 2877 2744 ille
2916 2699 3020 2743 ne-

623 2787 895 2853 cessaria
955 2805 1089 2850 esse
1150 2788 1482 2869 appareat3
1533 2789 1598 2849 at
1644 2781 1947 2848 Halmius
1993 2782 2209 2848 addita
2256 2783 2414 2849 dicit
2462 2805 2657 2850 manu
2704 2785 2783 2850 2:
2840 2805 3020 2867 „eam

624 2911 788 2958 cons.
857 2890 985 2956 sed.
1048 2889 1353 2956 volebat'’.
1449 2887 1749 2954 Ceterum
1799 2889 1995 2953 dubia
2038 2895 2136 2954 est
2182 2892 2459 2956 varietas
2506 2889 2797 2956 lectionis
2844 2889 3021 2956 volu-

624 2999 826 3064 eritne
889 3016 1118 3061 manus
1179 3015 1305 3060 sec.
1351 2997 1419 3059 in
1466 2995 1935 3079 superioribus:
1988 2996 2232 3071 „animi
2282 3016 2539 3062 movere
2584 2995 2893 3064 ducebat'’
2942 3018 3019 3060 an

627 3105 872 3183 „animi
936 3123 1082 3167 vere
1139 3100 1465 3166 ducebat”.
1512 3099 1652 3187 Ego
1698 3120 1849 3166 cum
1897 3099 2178 3166 Mullero
2225 3100 2499 3166 alterum
2548 3124 2777 3170 verum
2824 3107 2983 3188 puto
2998 3122 3017 3182 ;

624 3208 970 3294 separanda
1015 3212 1164 3271 sunt
1208 3208 1718 3291 interpunctione
1777 3205 2116 3289 „videlicet
2164 3243 2248 3256 -·-
2299 3208 2600 3274 ratione”.

715 3314 1101 3398 Frequenter
1121 3361 1138 3396 ,
1223 3319 1294 3376 ut
1361 3333 1440 3378 ex
1511 3333 1701 3396 supra
1774 3314 2112 3397 propositis
2182 3320 2481 3398 apparet,
2544 3335 2630 3379 m.
2702 3314 2760 3380 1.
2830 3316 3024 3383 verbe

626 3421 862 3486 omisit⁴
889 3421 1058 3484 inter
1101 3417 1346 3482 similes
1391 3416 1673 3504 syllabas
1720 3417 2025 3484 collocata
2070 3423 2135 3482 et
2188 3421 2281 3483 bis
2328 3419 2549 3485 eadem
2596 3422 2883 3506 scripsit;
2927 3441 3021 3486 er·-

625 3546 728 3592 ror
779 3526 859 3591 ab
907 3525 1106 3590 altera
1153 3545 1242 3589 m.
1293 3529 1609 3589 correctus
1656 3543 1841 3608 saepe
1888 3524 1971 3588 cf.
2017 3525 2053 3608 5
2100 3521 2163 3602 9,
2218 3523 2321 3601 10,
2378 3523 2481 3599 11,
2531 3525 2643 3609 25,
2694 3523 2805 3602 31,
2858 3525 3018 3592 adde

625 3632 661 3715 ᾖ
709 3629 797 3695 60
846 3630 1096 3716 „magis
1141 3650 1294 3716 ergo
1341 3629 1498 3694 non”
1513 3650 1530 3706 ;
1581 3650 1831 3715 semper
1868 3635 2220 3695 correctum
2259 3651 2381 3696 non
2425 3636 2613 3717 puto;
2641 3652 2791 3698 nam
2816 3635 3020 3699 anim-

625 3737 953 3804 advertere
1001 3737 1163 3801 mihi
1211 3739 1388 3803 visus
1435 3757 1579 3801 sum
1627 3737 1735 3802 hic
1772 3734 1910 3802 illie
1946 3735 2204 3802 lacunas
2240 3757 2376 3803 esse
2412 3757 2539 3804 non
2576 3743 2828 3806 notatas
2846 3789 2865 3824 ,
2903 3759 3019 3806 nec

629 3845 708 3909 ab
757 3843 958 3909 altera
1007 3843 1326 3927 impletas.

714 3949 922 4015 Tanta
966 3951 1021 4013 si
1069 3955 1165 4013 est
1212 3950 1556 4014 auctoritas
1603 3945 1865 4013 alterius
1913 3967 2141 4013 manus
2160 3994 2177 4026 ,
2227 3949 2441 4015 valere
2488 3950 2677 4017 debet
2714 3953 2912 4017 etiam
2950 3951 3021 4016 in

562 4071 566 4076 ·
621 4053 761 4122 loco
820 4059 1047 4121 vexato
1113 4054 1190 4118 de
1253 4055 1537 4119 comitiis
1600 4055 1971 4120 centuriatis
2038 4053 2127 4119 ΙΙ.
2178 4053 2285 4131 22,
2352 4054 2430 4121 de
2476 4076 2601 4141 quo
2646 4076 2773 4122 non
2825 4056 2979 4124 libri
3000 4107 3019 4133 ,

625 4161 732 4226 sed
783 4180 978 4246 paene
1028 4159 1416 4225 bibliotheca
1461 4163 1688 4225 exstat.
1761 4159 1845 4224 Et
1896 4165 2112 4226 tamen
2134 4207 2149 4236 ,
2200 4160 2255 4228 si
2302 4158 2493 4228 modo
2548 4163 2697 4230 dere
2742 4161 3023 4231 velimus

629 4262 996 4332 Ciceronem
1061 4268 1128 4329 in
1193 4264 1666 4350 computatione
1728 4267 1965 4331 vitium
2014 4268 2293 4351 potuisse
2328 4271 2777 4346 committere,
2832 4274 2909 4334 ut
2954 4271 3024 4335 in

631 4369 916 4436 addendo
983 4368 1069 4436 89
1129 4376 1390 4456 poneret
1451 4389 1565 4456 pro
1614 4367 1733 4455 99,
1781 4373 1997 4437 omnia
2042 4372 2390 4438 secundum
2436 4373 2707 4442 alteram
2752 4395 3021 4440 manum

631 4482 800 4540 recte
865 4496 934 4542 se
995 4476 1230 4542 habent
1248 4525 1266 4562 ‚
1333 4476 1410 4542 de
1465 4495 1589 4560 quo
1637 4478 1768 4541 iam
1818 4476 2108 4564 pluribus
2156 4499 2463 4565 exponere
2511 4501 2636 4546 non
2682 4483 2866 4547 iuvat
2911 4480 3021 4566 (cf.
