3414 5158
1406 379 1809 430 nunono‘rus.
2673 363 2799 428 147

411 561 550 608 cere
594 548 952 630 coeperunt.
1015 543 1268 610 Passim
1315 546 1548 611 vitiosa
1593 546 1801 612 forma
1820 597 1829 606 .
1847 544 2015 631 apud
2061 543 2331 619 Iudaeos
2378 549 2443 610 et
2488 543 2799 612 Christia-

411 669 526 714 nos
587 647 832 737 legitur
873 655 950 716 ut
991 651 1062 716 in
1110 650 1360 739 Eunng.
1409 651 1612 718 Marci
1657 651 1769 718 VI.
1820 651 1901 718 92
1949 654 2037 728 μὴ
2087 651 2410 729 ἐνδύσησθε
2459 651 2559 718 δύο
2605 659 2799 734 χιτῶ-

413 778 542 827 νας.
605 761 670 821 et
717 756 885 842 apud
931 755 1214 823 Paulum
1261 757 1340 823 ad
1387 755 1696 844 Ephesios
1744 756 1854 823 VI.
1913 757 2025 824 11:
2081 757 2409 850 ἐνδύσασθε
2457 760 2565 833 τὴν
2614 769 2799 824 πανο-

414 860 608 926 πλΙαν
656 865 764 926 τοῦ
814 863 966 928 θεοῦ.
1014 862 1088 928 In
1136 863 1416 930 Bekkeri
1463 865 1781 932 Anocdotie
1820 885 1969 954 pag.
2021 863 2177 950 427,
2225 862 2335 932 26.
2384 865 2628 931 editur:

862 969 1348 1036 Ἀποδῢσαιε

861 1079 1110 1154 μᾶλλον
1157 1076 1210 1142 δ’
1259 1077 1514 1143 ἀπόδυθι
1559 1077 1809 1160 ταχέως
1862 1129 1877 1146 .
1914 1129 1924 1144 .
1960 1129 1975 1145 .
2024 1080 2342 1161 Παμφίλη

864 1183 1149 1262 ἡμέτερος
1200 1185 1228 1250 ὃ
1277 1189 1490 1256 πλοῦς.
2068 1251 2077 1261 ,

409 1290 476 1351 et
535 1291 610 1352 tu
671 1288 962 1354 emenda:
1036 1289 1485 1356 ’Λπόδυο-αι
1535 1294 1782 1369 μᾶλλον
1832 1292 1882 1357 δ’
1926 1290 2273 1357 οὶπόδυθι
2318 1291 2485 1333 ***
2531 1293 2798 1377 (excidit

407 1411 635 1458 nomen
683 1390 932 1461 Comici
978 1399 1043 1459 et
1090 1396 1478 1482 comoediae)

768 1498 1058 1564 Ἀπόδυθι
1104 1501 1390 1580 ταχέως,
1443 1499 1767 1585 Πάμφιλᾏ
1819 1502 2104 1582 ἡμέτερος
2154 1503 2183 1566 ὃ
2232 1507 2447 1576 πλοῦς.

496 1605 725 1690 Itaque
771 1605 1144 1672 ἐκδύσασθαι
1193 1606 1362 1692 apud
1403 1605 1815 1678 'Herodotum
1862 1611 2071 1694 turpis
2114 1614 2210 1673 est
2259 1608 2531 1674 macula.

497 1819 574 1886 V.
627 1817 793 1884 109:
846 1817 1071 1900 αἵρεσιν
1109 1821 1252 1898 ὑμῖν
1291 1819 1532 1900 δίδομεν
1559 1857 1641 1872 ·-—
1666 1819 1986 1900 ὁκοτέροισι
2025 1820 2325 1900 βούλεσθε
2350 1820 2794 1904 προσφέρεσθαι

409 1926 470 2010 [ἢ
519 1924 786 2006 Πέρσῃσι
836 1927 870 2001 ἣ
923 1923 1197 2012 Φοίνιξι].

492 2030 904 2118 Languidum
955 2039 1020 2097 et
1065 2035 1234 2098 iners
1279 2031 1600 2098 emblema
1645 2035 2001 2100 rectissime
2047 2034 2315 2107 Archias
2360 2035 2624 2103 omittit.
2693 2033 2794 2101 Ne

407 2138 786 2224 compositio
849 2139 1109 2223 quidem
1160 2140 1498 2206 verborum
1547 2138 1867 2220 ὁκοτέροισι
1921 2177 2003 2190 --
2054 2140 2087 2215 ἣ
2132 2177 2216 2190 --
2268 2142 2303 2218 ἥ
2353 2141 2543 2210 habet
2591 2139 2792 2210 Grae·

397 2263 545 2309 cum
599 2242 895 2310 colorem.

489 2456 611 2523 VI.
666 2457 828 2524 119:
877 2457 1276 2536 ἐβουλεύοντο
1323 2495 1412 2508 -
1461 2460 1715 2544 ὁκότερα
1764 2461 1853 2546 [ἢ]
1904 2459 2276 2540 παραδόντες
2321 2460 2524 2542 σφέας
2562 2459 2787 2532 αὐτοὺς

401 2561 665 2645 Πέρσῃσι
716 2564 750 2639 ἢ
800 2562 1156 2638 ἐκλιπόντες
1207 2565 1276 2631 τὸ
1325 2565 1628 2646 παράπαν
1674 2567 1783 2641 τὴν
1835 2566 2047 2641 ’Λα-[κν
2094 2566 2342 2645 ἄμεινον
2389 2567 2696 2648 πρήξουσι.

488 2670 855 2736 Insiticium
914 2677 1010 2736 est
1055 2675 1234 2757 prius
1283 2671 1317 2747 ἥ
1367 2678 1431 2737 et
1474 2671 1600 2738 loci
1654 2676 2175 2757 compositionem
2230 2676 2433 2739 vitiat.
2530 2674 2789 2738 Delibe-

397 2777 620 2842 rabant
683 2784 881 2841 utrum
942 2800 1008 2843 se
1069 2799 1306 2864 suaque
1367 2781 1583 2844 omnia
1645 2779 1855 2845 Persis
1918 2780 2215 2847 dederent
2278 2802 2357 2843 an
2406 2781 2663 2845 omnino
2709 2800 2788 2844 ex

400 2883 554 2948 Asin
601 2884 1010 2949 discederent.

489 3096 614 3177 Qui
673 3097 848 3164 volet
909 3098 1269 3183 periculum
1333 3098 1537 3165 facere
1584 3120 1779 3185 quam
1826 3099 2159 3165 emendate
2201 3099 2366 3164 liber
2411 3101 2673 3183 quintus
2720 3100 2788 3163 in

397 3200 740 3269 Codicibus
803 3206 1080 3288 scriptus
1144 3208 1262 3281 sit,
1312 3207 1368 3269 is
1415 3205 1577 3269 mihi
1621 3228 1815 3293 quam
1864 3205 2001 3271 fieri
2048 3209 2248 3291 possit
2295 3206 2787 3295 diligentissime

393 3308 572 3397 legat
629 3316 692 3375 et
755 3309 1000 3397 relegat
1047 3309 1351 3377 ultimam
1398 3320 1646 3397 partem
1694 3333 1830 3397 cap.
1888 3312 2264 3377 109-126.
2312 3311 2572 3378 Videbit
2620 3309 2789 3376 nihil

398 3435 535 3480 esse
577 3436 780 3500 neque
827 3418 894 3479 in
943 3416 1154 3481 verbis
1193 3438 1396 3502 neque
1435 3419 1502 3481 in
1545 3420 1877 3483 sententiis
1916 3418 2081 3504 quod
2110 3421 2303 3483 etiam
2333 3416 2788 3483 molestissimo

396 3524 686 3587 omnium
751 3524 1034 3589 exactori
1091 3522 1196 3587 vel
1246 3522 1642 3589 levissimam
1693 3524 1935 3591 frfludis
1985 3530 2047 3589 et
2089 3526 2315 3589 erroris
2363 3526 2787 3607 suspicionem

395 3647 652 3692 movere
699 3629 918 3712 possit.
977 3626 1212 3696 Omnia
1257 3650 1408 3696 sana
1455 3635 1640 3706 sunt,
1688 3633 1943 3715 integra
1989 3636 2051 3694 et
2096 3629 2395 3715 legit-ima
2444 3636 2507 3692 et
2554 3629 2790 3691 habent

397 3732 832 3799 Herodoteum
885 3734 1183 3799 colorem.

486 3838 851 3904 Permirum
927 3845 1022 3905 est
1091 3860 1204 3923 per
1267 3844 1362 3905 tot
1423 3840 1715 3912 saecula.
1786 3843 1928 3923 post
1972 3844 2069 3904 tot
2117 3840 2486 3903 discrimina
2533 3859 2784 3915 rerum,

393 3950 538 4031 post
584 3952 678 4010 tot
727 3944 1011 4030 pericula
1057 3952 1120 4009 et
1166 3964 1202 4009 a
1242 3947 1594 4009 scribarum
1635 3946 1920 4009 socordia
1958 3949 2021 4009 et
2060 3966 2096 4009 a
2136 3944 2471 4009 sciolorum
2500 3942 2785 4019 levitate,

394 4053 641 4139 egregii
687 4053 1011 4135 scriptoris
1057 4050 1298 4115 librum
1348 4051 1601 4117 salvum
1647 4056 1711 4115 et
1761 4050 2151 4117 incolumem
2192 4048 2269 4115 ad
2308 4070 2421 4114 nos
2462 4052 2785 4133 pervenire

393 4161 695 4244 potuisse.

485 4368 660 4437 Haec
705 4371 920 4436 omnia
975 4370 1242 4435 suadent
1281 4374 1357 4434 ut
1395 4370 1642 4435 credam
1684 4370 1923 4436 librum
1968 4373 2263 4456 quintum
2308 4389 2431 4434 non
2459 4390 2535 4433 ex
2562 4370 2780 4434 eodem

393 4477 566 4543 fonte
631 4496 918 4542 manasse
963 4474 1134 4542 unde
1180 4481 1450 4557 ceteros,
1499 4476 1608 4543 sed
1655 4497 1735 4541 ex
1783 4474 2014 4544 Codice
2060 4474 2387 4565 aliquanto
2434 4479 2787 4562 antiquiore
2832 4482 2839 4491 ’
