<?xml version="1.0" encoding="UTF-8"?>
<!DOCTYPE html PUBLIC "-//W3C//DTD XHTML 1.0 Transitional//EN"
    "http://www.w3.org/TR/xhtml1/DTD/xhtml1-transitional.dtd">
<html xmlns="http://www.w3.org/1999/xhtml" xml:lang="en" lang="en">
 <head>
  <title>
</title>
<meta http-equiv="Content-Type" content="text/html;charset=utf-8" />
  <meta name='ocr-system' content='tesseract 3.04.00' />
  <meta name='ocr-capabilities' content='ocr_page ocr_carea ocr_par ocr_line ocrx_word'/>
</head>
<body>
  <div class='ocr_page' id='page_1' title='image "./mnemosynevolume02verdgoog_0138.png"; bbox 0 0 3414 5158; ppageno 0'>
   <div class='ocr_carea' id='block_1_1' title="bbox 676 240 1957 314">
    <p class='ocr_par' dir='ltr' id='par_1_1' title="bbox 676 240 1957 314">
     <span class='ocr_line' id='line_1_1' title="bbox 676 240 1957 314; baseline -0.001 -2"><span class='ocrx_word' id='word_1_1' title='bbox 676 240 806 312; x_wconf 82' lang='lat'><strong>126</strong></span> <span class='ocrx_word' id='word_1_2' title='bbox 1766 258 1957 314; x_wconf 70' lang='lat' dir='ltr'><strong>inus.</strong></span> 
     </span>
    </p>
   </div>
   <div class='ocr_carea' id='block_1_2' title="bbox 668 427 3093 1040">
    <p class='ocr_par' dir='ltr' id='par_1_2' title="bbox 1035 427 2697 510">
     <span class='ocr_line' id='line_1_2' title="bbox 1035 427 2697 510; baseline 0.001 -16"><span class='ocrx_word' id='word_1_3' title='bbox 1035 427 1406 506; x_wconf 70' lang='grc' dir='ltr'><em>οὐτάμεναι,</em></span> <span class='ocrx_word' id='word_1_4' title='bbox 1457 429 1615 502; x_wconf 66' lang='grc' dir='ltr'><em>αὐτὴ</em></span> <span class='ocrx_word' id='word_1_5' title='bbox 1667 429 1728 494; x_wconf 80' lang='grc' dir='ltr'><strong>δὲ</strong></span> <span class='ocrx_word' id='word_1_6' title='bbox 1774 429 2177 508; x_wconf 78' lang='grc' dir='ltr'><em>πανόψιον</em></span> <span class='ocrx_word' id='word_1_7' title='bbox 2226 427 2417 510; x_wconf 73' lang='grc' dir='ltr'><em>ἔγχος</em></span> <span class='ocrx_word' id='word_1_8' title='bbox 2446 430 2697 496; x_wconf 70' lang='grc' dir='ltr'><em>ἑλοῦσα</em></span> 
     </span>
    </p>

    <p class='ocr_par' dir='ltr' id='par_1_3' title="bbox 668 530 3093 1040">
     <span class='ocr_line' id='line_1_3' title="bbox 1033 530 2641 617; baseline 0.002 -18"><span class='ocrx_word' id='word_1_9' title='bbox 1033 534 1160 606; x_wconf 76' lang='grc' dir='ltr'><strong>ἰθὺς</strong></span> <span class='ocrx_word' id='word_1_10' title='bbox 1209 536 1360 612; x_wconf 80' lang='grc' dir='ltr'><em>ἐμεῦ</em></span> <span class='ocrx_word' id='word_1_11' title='bbox 1409 530 1608 611; x_wconf 83' lang='grc' dir='ltr'><em>ὦσας,</em></span> <span class='ocrx_word' id='word_1_12' title='bbox 1660 534 1761 600; x_wconf 72' lang='grc' dir='ltr'><em>διὰ</em></span> <span class='ocrx_word' id='word_1_13' title='bbox 1810 534 1872 600; x_wconf 78' lang='grc' dir='ltr'><strong>δὲ</strong></span> <span class='ocrx_word' id='word_1_14' title='bbox 1916 533 2078 616; x_wconf 78' lang='grc' dir='ltr'><em>χρόα</em></span> <span class='ocrx_word' id='word_1_15' title='bbox 2124 539 2315 602; x_wconf 76' lang='grc' dir='ltr'><em>καλὸν</em></span> <span class='ocrx_word' id='word_1_16' title='bbox 2364 535 2641 617; x_wconf 55' lang='lat' dir='ltr'><strong>{burgban</strong></span> 
     </span>
     <span class='ocr_line' id='line_1_4' title="bbox 669 637 3093 727; baseline 0.001 -19"><span class='ocrx_word' id='word_1_17' title='bbox 669 642 907 710; x_wconf 80' lang='lat' dir='ltr'><strong>Vocem</strong></span> <span class='ocrx_word' id='word_1_18' title='bbox 955 641 1286 720; x_wconf 75' lang='grc' dir='ltr'><em>πανόψιον,</em></span> <span class='ocrx_word' id='word_1_19' title='bbox 1337 663 1450 727; x_wconf 89' lang='lat' dir='ltr'><strong>pro</strong></span> <span class='ocrx_word' id='word_1_20' title='bbox 1491 662 1616 727; x_wconf 89' lang='lat' dir='ltr'><strong>qua</strong></span> <span class='ocrx_word' id='word_1_21' title='bbox 1654 647 1819 708; x_wconf 83' lang='lat' dir='ltr'><strong>teste</strong></span> <span class='ocrx_word' id='word_1_22' title='bbox 1856 637 2193 708; x_wconf 81' lang='lat' dir='ltr'><strong>Eustathio</strong></span> <span class='ocrx_word' id='word_1_23' title='bbox 2232 645 2657 710; x_wconf 78' lang='lat' dir='ltr'><strong>Antimachus</strong></span> <span class='ocrx_word' id='word_1_24' title='bbox 2698 643 3093 726; x_wconf 77' lang='grc' dir='ltr'><em>ὑπονόσφιον</em></span> 
     </span>
     <span class='ocr_line' id='line_1_5' title="bbox 669 747 3089 836; baseline 0.002 -22"><span class='ocrx_word' id='word_1_25' title='bbox 669 748 868 836; x_wconf 80' lang='lat' dir='ltr'><strong>legit,</strong></span> <span class='ocrx_word' id='word_1_26' title='bbox 933 748 1280 814; x_wconf 77' lang='lat' dir='ltr'><strong>admodum</strong></span> <span class='ocrx_word' id='word_1_27' title='bbox 1343 753 1711 833; x_wconf 86' lang='lat' dir='ltr'><strong>suspectum</strong></span> <span class='ocrx_word' id='word_1_28' title='bbox 1776 747 1979 814; x_wconf 86' lang='lat' dir='ltr'><strong>habeo</strong></span> <span class='ocrx_word' id='word_1_29' title='bbox 2044 769 2189 814; x_wconf 91' lang='lat' dir='ltr'><strong>cum</strong></span> <span class='ocrx_word' id='word_1_30' title='bbox 2254 749 2315 816; x_wconf 84' lang='grc' dir='ltr'><strong>Ν</strong></span> <span class='ocrx_word' id='word_1_31' title='bbox 2319 749 2561 816; x_wconf 82' lang='lat' dir='ltr'><strong>auckio.</strong></span> <span class='ocrx_word' id='word_1_32' title='bbox 2632 751 2813 818; x_wconf 93' lang='lat' dir='ltr'><strong>Inter</strong></span> <span class='ocrx_word' id='word_1_33' title='bbox 2856 751 3089 819; x_wconf 75' lang='lat' dir='ltr'><strong>multa</strong></span> 
     </span>
     <span class='ocr_line' id='line_1_6' title="bbox 668 852 3085 945; baseline 0.001 -24"><span class='ocrx_word' id='word_1_34' title='bbox 668 853 966 921; x_wconf 77' lang='lat' dir='ltr'><strong>vocabuli</strong></span> <span class='ocrx_word' id='word_1_35' title='bbox 1027 853 1223 936; x_wconf 72' lang='grc' dir='ltr'><em>ἔγχος</em></span> <span class='ocrx_word' id='word_1_36' title='bbox 1279 855 1563 940; x_wconf 83' lang='lat' dir='ltr'><strong>epitheta</strong></span> <span class='ocrx_word' id='word_1_37' title='bbox 1615 852 1873 920; x_wconf 88' lang='lat' dir='ltr'><strong>nullum</strong></span> <span class='ocrx_word' id='word_1_38' title='bbox 1921 855 2176 940; x_wconf 81' lang='lat' dir='ltr'><strong>videtur</strong></span> <span class='ocrx_word' id='word_1_39' title='bbox 2220 855 2371 922; x_wconf 84' lang='lat' dir='ltr'><strong>huic</strong></span> <span class='ocrx_word' id='word_1_40' title='bbox 2416 855 2554 924; x_wconf 87' lang='lat' dir='ltr'><strong>loco</strong></span> <span class='ocrx_word' id='word_1_41' title='bbox 2600 860 2816 944; x_wconf 85' lang='lat' dir='ltr'><strong>aptius</strong></span> <span class='ocrx_word' id='word_1_42' title='bbox 2864 879 3085 945; x_wconf 87' lang='lat' dir='ltr'><strong>quam</strong></span> 
     </span>
     <span class='ocr_line' id='line_1_7' title="bbox 671 960 1079 1040; baseline 0 -14"><span class='ocrx_word' id='word_1_43' title='bbox 671 984 767 1026; x_wconf 74' lang='grc' dir='ltr'><strong>πε</strong></span> <span class='ocrx_word' id='word_1_44' title='bbox 784 960 884 1025; x_wconf 80' lang='grc' dir='ltr'><em>λώ</em></span> <span class='ocrx_word' id='word_1_45' title='bbox 902 985 933 1040; x_wconf 92' lang='grc' dir='ltr'><em>ρ</em></span> <span class='ocrx_word' id='word_1_46' title='bbox 952 983 969 1024; x_wconf 92' lang='grc' dir='ltr'><em>ι</em></span> <span class='ocrx_word' id='word_1_47' title='bbox 987 983 1079 1027; x_wconf 91' lang='grc' dir='ltr'><strong>ον.</strong></span> 
     </span>
    </p>
   </div>
   <div class='ocr_carea' id='block_1_3' title="bbox 669 1173 3071 1369">
    <p class='ocr_par' dir='ltr' id='par_1_4' title="bbox 669 1173 3071 1369">
     <span class='ocr_line' id='line_1_8' title="bbox 761 1173 3071 1262; baseline 0.002 -22"><span class='ocrx_word' id='word_1_48' title='bbox 761 1185 820 1241; x_wconf 77' lang='grc' dir='ltr'>Ψ</span> <span class='ocrx_word' id='word_1_49' title='bbox 871 1173 1002 1240; x_wconf 86' lang='grc'><strong>140</strong></span> <span class='ocrx_word' id='word_1_50' title='bbox 1051 1194 1186 1262; x_wconf 88' lang='lat' dir='ltr'><strong>sqq.</strong></span> <span class='ocrx_word' id='word_1_51' title='bbox 1281 1174 1719 1242; x_wconf 86' lang='lat' dir='ltr'><strong>Romanorum</strong></span> <span class='ocrx_word' id='word_1_52' title='bbox 1764 1177 2114 1261; x_wconf 85' lang='lat' dir='ltr'><strong>imperator</strong></span> <span class='ocrx_word' id='word_1_53' title='bbox 2160 1173 2485 1244; x_wconf 84' lang='lat' dir='ltr'><strong>Caracalla</strong></span> <span class='ocrx_word' id='word_1_54' title='bbox 2532 1176 2856 1244; x_wconf 76' lang='lat' dir='ltr'><strong>Achillem</strong></span> <span class='ocrx_word' id='word_1_55' title='bbox 2908 1181 3071 1245; x_wconf 89' lang='lat' dir='ltr'><strong>imi-</strong></span> 
     </span>
     <span class='ocr_line' id='line_1_9' title="bbox 669 1281 3067 1369; baseline 0.001 -20"><span class='ocrx_word' id='word_1_56' title='bbox 669 1289 812 1349; x_wconf 84' lang='lat' dir='ltr'><strong>tans</strong></span> <span class='ocrx_word' id='word_1_57' title='bbox 872 1283 1138 1350; x_wconf 84' lang='lat' dir='ltr'><strong>Festum</strong></span> <span class='ocrx_word' id='word_1_58' title='bbox 1203 1281 1512 1348; x_wconf 89' lang='lat' dir='ltr'><strong>libertum</strong></span> <span class='ocrx_word' id='word_1_59' title='bbox 1573 1281 1876 1348; x_wconf 86' lang='lat' dir='ltr'><strong>similiter</strong></span> <span class='ocrx_word' id='word_1_60' title='bbox 1919 1288 2291 1369; x_wconf 86' lang='lat' dir='ltr'><strong>parentatus</strong></span> <span class='ocrx_word' id='word_1_61' title='bbox 2336 1289 2435 1350; x_wconf 87' lang='lat' dir='ltr'><strong>est</strong></span> <span class='ocrx_word' id='word_1_62' title='bbox 2480 1288 2643 1350; x_wconf 86' lang='lat' dir='ltr'><strong>teste</strong></span> <span class='ocrx_word' id='word_1_63' title='bbox 2690 1283 3067 1352; x_wconf 79' lang='lat' dir='ltr'>Herodiano</span> 
     </span>
    </p>
   </div>
   <div class='ocr_carea' id='block_1_4' title="bbox 668 1387 1146 1476">
    <p class='ocr_par' dir='ltr' id='par_1_5' title="bbox 668 1387 1146 1476">
     <span class='ocr_line' id='line_1_10' title="bbox 668 1387 1146 1476; baseline 0.006 -20"><span class='ocrx_word' id='word_1_64' title='bbox 668 1387 760 1458; x_wconf 86' lang='lat' dir='ltr'><strong>IV</strong></span> <span class='ocrx_word' id='word_1_65' title='bbox 807 1387 874 1476; x_wconf 88' lang='grc'><strong>8,</strong></span> <span class='ocrx_word' id='word_1_66' title='bbox 921 1390 966 1454; x_wconf 85' lang='grc'>4</span> <span class='ocrx_word' id='word_1_67' title='bbox 1011 1410 1146 1475; x_wconf 87' lang='lat' dir='ltr'><strong>sqq.</strong></span> 
     </span>
    </p>
   </div>
   <div class='ocr_carea' id='block_1_5' title="bbox 663 1600 3063 3069">
    <p class='ocr_par' dir='ltr' id='par_1_6' title="bbox 764 1600 1006 1670">
     <span class='ocr_line' id='line_1_11' title="bbox 764 1600 1006 1670; baseline -0.008 0"><span class='ocrx_word' id='word_1_68' title='bbox 764 1613 821 1670; x_wconf 78' lang='grc' dir='ltr'>Ψ</span> <span class='ocrx_word' id='word_1_69' title='bbox 872 1600 1006 1670; x_wconf 84' lang='lat'>4¹74</span> 
     </span>
    </p>

    <p class='ocr_par' dir='ltr' id='par_1_7' title="bbox 1029 1706 2676 1792">
     <span class='ocr_line' id='line_1_12' title="bbox 1029 1706 2676 1792; baseline 0.001 -18"><span class='ocrx_word' id='word_1_70' title='bbox 1029 1709 1134 1774; x_wconf 77' lang='grc' dir='ltr'><em>τὸν</em></span> <span class='ocrx_word' id='word_1_71' title='bbox 1179 1708 1232 1774; x_wconf 84' lang='grc' dir='ltr'><strong>δ’</strong></span> <span class='ocrx_word' id='word_1_72' title='bbox 1279 1709 1550 1790; x_wconf 78' lang='grc' dir='ltr'><em>αἷσχρῶς</em></span> <span class='ocrx_word' id='word_1_73' title='bbox 1599 1706 1864 1774; x_wconf 75' lang='grc' dir='ltr'><em>ἐνένιπεν</em></span> <span class='ocrx_word' id='word_1_74' title='bbox 1918 1707 2167 1785; x_wconf 75' lang='grc' dir='ltr'><em>Ὀιλῆος</em></span> <span class='ocrx_word' id='word_1_75' title='bbox 2216 1709 2427 1792; x_wconf 75' lang='grc' dir='ltr'><em>ταχὺς</em></span> <span class='ocrx_word' id='word_1_76' title='bbox 2478 1708 2676 1783; x_wconf 73' lang='grc' dir='ltr'><em>Αἴας·</em></span> 
     </span>
    </p>

    <p class='ocr_par' dir='ltr' id='par_1_8' title="bbox 1031 1808 2787 1898">
     <span class='ocr_line' id='line_1_13' title="bbox 1031 1808 2787 1898; baseline 0.001 -18"><span class='ocrx_word' id='word_1_77' title='bbox 1031 1815 1366 1898; x_wconf 77' lang='grc' dir='ltr'><em>Ἰδομενεῦ,</em></span> <span class='ocrx_word' id='word_1_78' title='bbox 1415 1814 1493 1878; x_wconf 86' lang='grc' dir='ltr'><strong>τί</strong></span> <span class='ocrx_word' id='word_1_79' title='bbox 1537 1813 1787 1895; x_wconf 68' lang='grc' dir='ltr'><em>πάρος</em></span> <span class='ocrx_word' id='word_1_80' title='bbox 1837 1815 2220 1896; x_wconf 71' lang='grc' dir='ltr'><em>λαβρεύεαις</em></span> <span class='ocrx_word' id='word_1_81' title='bbox 2272 1808 2339 1882; x_wconf 74' lang='grc' dir='ltr'><em>αἳ</em></span> <span class='ocrx_word' id='word_1_82' title='bbox 2389 1816 2453 1882; x_wconf 75' lang='grc' dir='ltr'><strong>δὲ</strong></span> <span class='ocrx_word' id='word_1_83' title='bbox 2499 1815 2787 1882; x_wconf 71' lang='grc' dir='ltr'><em>τᾶνευθεν</em></span> 
     </span>
    </p>

    <p class='ocr_par' dir='ltr' id='par_1_9' title="bbox 667 1919 3063 2538">
     <span class='ocr_line' id='line_1_14' title="bbox 1033 1919 2725 2000; baseline 0.002 -14"><span class='ocrx_word' id='word_1_84' title='bbox 1033 1919 1204 1988; x_wconf 72' lang='grc' dir='ltr'><em>ἵπποι</em></span> <span class='ocrx_word' id='word_1_85' title='bbox 1253 1921 1605 2000; x_wconf 69' lang='grc' dir='ltr'><strong>ἀερσίποδες</strong></span> <span class='ocrx_word' id='word_1_86' title='bbox 1653 1921 1869 1994; x_wconf 72' lang='grc' dir='ltr'><em>πολέος</em></span> <span class='ocrx_word' id='word_1_87' title='bbox 1920 1921 2144 1988; x_wconf 77' lang='grc' dir='ltr'><em>πεδίοιο</em></span> <span class='ocrx_word' id='word_1_88' title='bbox 2190 1923 2444 1990; x_wconf 88' lang='grc' dir='ltr'><em>δίενται.</em></span> <span class='ocrx_word' id='word_1_89' title='bbox 2716 1987 2725 1996; x_wconf 79' lang='grc'><em>,</em></span> 
     </span>
     <span class='ocr_line' id='line_1_15' title="bbox 668 2026 3059 2114; baseline -0.001 -18"><span class='ocrx_word' id='word_1_90' title='bbox 668 2027 866 2096; x_wconf 87' lang='lat' dir='ltr'><strong>Nullo</strong></span> <span class='ocrx_word' id='word_1_91' title='bbox 911 2031 1050 2094; x_wconf 89' lang='lat' dir='ltr'><strong>iure</strong></span> <span class='ocrx_word' id='word_1_92' title='bbox 1097 2027 1288 2106; x_wconf 73' lang='grc' dir='ltr'><em>πάρος</em></span> <span class='ocrx_word' id='word_1_93' title='bbox 1339 2026 1442 2113; x_wconf 87' lang='lat' dir='ltr'><strong>(de</strong></span> <span class='ocrx_word' id='word_1_94' title='bbox 1491 2047 1616 2112; x_wconf 87' lang='lat' dir='ltr'><strong>quo</strong></span> <span class='ocrx_word' id='word_1_95' title='bbox 1664 2031 1876 2094; x_wconf 86' lang='lat' dir='ltr'><strong>tacent</strong></span> <span class='ocrx_word' id='word_1_96' title='bbox 1922 2027 2191 2108; x_wconf 86' lang='lat' dir='ltr'><strong>scholia)</strong></span> <span class='ocrx_word' id='word_1_97' title='bbox 2234 2031 2733 2114; x_wconf 74' lang='lat' dir='ltr'><strong>interpretantur</strong></span> <span class='ocrx_word' id='word_1_98' title='bbox 2766 2053 3059 2114; x_wconf 78' lang='lat' dir='ltr'><strong>praema-</strong></span> 
     </span>
     <span class='ocr_line' id='line_1_16' title="bbox 671 2130 3063 2221; baseline 0.003 -23"><span class='ocrx_word' id='word_1_99' title='bbox 671 2145 836 2220; x_wconf 73' lang='lat' dir='ltr'><strong>ture,</strong></span> <span class='ocrx_word' id='word_1_100' title='bbox 883 2155 997 2200; x_wconf 89' lang='lat' dir='ltr'><strong>nee</strong></span> <span class='ocrx_word' id='word_1_101' title='bbox 1044 2136 1099 2200; x_wconf 92' lang='lat' dir='ltr'><strong>si</strong></span> <span class='ocrx_word' id='word_1_102' title='bbox 1147 2134 1215 2198; x_wconf 89' lang='lat' dir='ltr'><strong>id</strong></span> <span class='ocrx_word' id='word_1_103' title='bbox 1259 2130 1618 2220; x_wconf 81' lang='lat' dir='ltr'><strong>significare</strong></span> <span class='ocrx_word' id='word_1_104' title='bbox 1661 2139 1873 2218; x_wconf 88' lang='lat' dir='ltr'><strong>posset</strong></span> <span class='ocrx_word' id='word_1_105' title='bbox 1920 2135 2294 2202; x_wconf 78' lang='lat' dir='ltr'><strong>adverbium</strong></span> <span class='ocrx_word' id='word_1_106' title='bbox 2314 2185 2332 2220; x_wconf 85' lang='lat'>,</span> <span class='ocrx_word' id='word_1_107' title='bbox 2382 2139 2538 2202; x_wconf 87' lang='lat' dir='ltr'><strong>satis</strong></span> <span class='ocrx_word' id='word_1_108' title='bbox 2584 2142 2733 2221; x_wconf 87' lang='lat' dir='ltr'><strong>apta</strong></span> <span class='ocrx_word' id='word_1_109' title='bbox 2770 2158 2847 2202; x_wconf 88' lang='lat' dir='ltr'><strong>ea</strong></span> <span class='ocrx_word' id='word_1_110' title='bbox 2882 2140 3063 2204; x_wconf 88' lang='lat' dir='ltr'><strong>notio</strong></span> 
     </span>
     <span class='ocr_line' id='line_1_17' title="bbox 667 2238 3057 2328; baseline 0.001 -22"><span class='ocrx_word' id='word_1_111' title='bbox 667 2241 819 2306; x_wconf 85' lang='lat' dir='ltr'><strong>huic</strong></span> <span class='ocrx_word' id='word_1_112' title='bbox 879 2239 1017 2307; x_wconf 89' lang='lat' dir='ltr'><strong>loco</strong></span> <span class='ocrx_word' id='word_1_113' title='bbox 1077 2240 1278 2318; x_wconf 82' lang='lat' dir='ltr'><strong>foret,&#39;</strong></span> <span class='ocrx_word' id='word_1_114' title='bbox 1339 2241 1489 2324; x_wconf 89' lang='lat' dir='ltr'><strong>quia</strong></span> <span class='ocrx_word' id='word_1_115' title='bbox 1534 2238 1602 2302; x_wconf 77' lang='grc' dir='ltr'><strong>τὸ</strong></span> <span class='ocrx_word' id='word_1_116' title='bbox 1651 2239 2067 2318; x_wconf 73' lang='grc' dir='ltr'><em>λαβρεύεσθαι</em></span> <span class='ocrx_word' id='word_1_117' title='bbox 2114 2262 2363 2326; x_wconf 84' lang='lat' dir='ltr'><strong>semper</strong></span> <span class='ocrx_word' id='word_1_118' title='bbox 2411 2249 2507 2308; x_wconf 89' lang='lat' dir='ltr'><strong>est</strong></span> <span class='ocrx_word' id='word_1_119' title='bbox 2552 2245 3057 2328; x_wconf 85' lang='lat' dir='ltr'><strong>praematurum.</strong></span> 
     </span>
     <span class='ocr_line' id='line_1_18' title="bbox 667 2344 3061 2434; baseline 0.003 -24"><span class='ocrx_word' id='word_1_120' title='bbox 667 2345 980 2432; x_wconf 84' lang='lat' dir='ltr'><strong>Equidem</strong></span> <span class='ocrx_word' id='word_1_121' title='bbox 1027 2349 1240 2412; x_wconf 88' lang='lat' dir='ltr'><strong>nescio</strong></span> <span class='ocrx_word' id='word_1_122' title='bbox 1285 2366 1366 2411; x_wconf 88' lang='lat' dir='ltr'><strong>an</strong></span> <span class='ocrx_word' id='word_1_123' title='bbox 1412 2344 1603 2412; x_wconf 89' lang='lat' dir='ltr'><strong>lectio</strong></span> <span class='ocrx_word' id='word_1_124' title='bbox 1652 2355 1939 2412; x_wconf 83' lang='grc' dir='ltr'>ΠΛΡΟΣ</span> <span class='ocrx_word' id='word_1_125' title='bbox 1989 2346 2217 2413; x_wconf 76' lang='lat' dir='ltr'><strong>leviter</strong></span> <span class='ocrx_word' id='word_1_126' title='bbox 2266 2349 2607 2434; x_wconf 83' lang='lat' dir='ltr'><strong>depravata</strong></span> <span class='ocrx_word' id='word_1_127' title='bbox 2652 2351 2737 2414; x_wconf 86' lang='lat' dir='ltr'><strong>sit</strong></span> <span class='ocrx_word' id='word_1_128' title='bbox 2782 2370 2859 2417; x_wconf 85' lang='lat' dir='ltr'><strong>ex</strong></span> <span class='ocrx_word' id='word_1_129' title='bbox 2909 2358 3061 2416; x_wconf 82' lang='lat' dir='ltr'><strong>TA-</strong></span> 
     </span>
     <span class='ocr_line' id='line_1_19' title="bbox 669 2452 1552 2538; baseline -0.001 -20"><span class='ocrx_word' id='word_1_130' title='bbox 669 2462 870 2532; x_wconf 84' lang='grc' dir='ltr'><strong>ΡΟΣ,</strong></span> <span class='ocrx_word' id='word_1_131' title='bbox 922 2458 996 2518; x_wconf 90' lang='lat' dir='ltr'><strong>ut</strong></span> <span class='ocrx_word' id='word_1_132' title='bbox 1041 2457 1228 2538; x_wconf 87' lang='lat' dir='ltr'><strong>poeta</strong></span> <span class='ocrx_word' id='word_1_133' title='bbox 1273 2452 1552 2518; x_wconf 82' lang='lat' dir='ltr'><strong>dederit:</strong></span> 
     </span>
    </p>

    <p class='ocr_par' dir='ltr' id='par_1_10' title="bbox 665 2555 2645 2859">
     <span class='ocr_line' id='line_1_20' title="bbox 1167 2555 2598 2645; baseline 0.001 -20"><span class='ocrx_word' id='word_1_134' title='bbox 1167 2559 1504 2645; x_wconf 79' lang='grc' dir='ltr'><em>Ἰδομενεῦ,</em></span> <span class='ocrx_word' id='word_1_135' title='bbox 1551 2559 1631 2625; x_wconf 85' lang='grc' dir='ltr'><strong>τί</strong></span> <span class='ocrx_word' id='word_1_136' title='bbox 1675 2561 1736 2625; x_wconf 80' lang='grc' dir='ltr'><strong>τ’</strong></span> <span class='ocrx_word' id='word_1_137' title='bbox 1783 2555 1891 2639; x_wconf 75' lang='grc' dir='ltr'><strong>ἄρ’</strong></span> <span class='ocrx_word' id='word_1_138' title='bbox 1941 2557 2029 2635; x_wconf 78' lang='grc' dir='ltr'><strong>ὣς</strong></span> <span class='ocrx_word' id='word_1_139' title='bbox 2080 2559 2419 2643; x_wconf 72' lang='grc' dir='ltr'><em>λαβρεύεαι</em></span> <span class='ocrx_word' id='word_1_140' title='bbox 2469 2561 2598 2628; x_wconf 76' lang='grc' dir='ltr'><strong>κτὲ.</strong></span> 
     </span>
     <span class='ocr_line' id='line_1_21' title="bbox 665 2664 1360 2755; baseline -0.001 -24"><span class='ocrx_word' id='word_1_141' title='bbox 665 2671 741 2732; x_wconf 88' lang='lat' dir='ltr'><strong>ut</strong></span> <span class='ocrx_word' id='word_1_142' title='bbox 786 2665 1025 2755; x_wconf 75' lang='lat' dir='ltr'><strong>legitur</strong></span> <span class='ocrx_word' id='word_1_143' title='bbox 1070 2674 1142 2733; x_wconf 94' lang='lat' dir='ltr'>M</span> <span class='ocrx_word' id='word_1_144' title='bbox 1191 2664 1360 2731; x_wconf 74' lang='lat'>4092</span> 
     </span>
     <span class='ocr_line' id='line_1_22' title="bbox 847 2768 2645 2859; baseline 0.001 -23"><span class='ocrx_word' id='word_1_145' title='bbox 847 2768 888 2836; x_wconf 81' lang='grc' dir='ltr'><strong><em>ὦ</em></strong></span> <span class='ocrx_word' id='word_1_146' title='bbox 935 2772 1187 2851; x_wconf 79' lang='grc' dir='ltr'><em>Λύκιοι,</em></span> <span class='ocrx_word' id='word_1_147' title='bbox 1235 2772 1298 2837; x_wconf 89' lang='grc' dir='ltr'><strong>τί</strong></span> <span class='ocrx_word' id='word_1_148' title='bbox 1343 2770 1401 2837; x_wconf 88' lang='grc' dir='ltr'><strong>τ’</strong></span> <span class='ocrx_word' id='word_1_149' title='bbox 1449 2769 1548 2851; x_wconf 65' lang='grc' dir='ltr'><strong>ἄρ’</strong></span> <span class='ocrx_word' id='word_1_150' title='bbox 1597 2768 1710 2837; x_wconf 81' lang='grc' dir='ltr'><strong>ὦδε</strong></span> <span class='ocrx_word' id='word_1_151' title='bbox 1754 2772 2000 2847; x_wconf 75' lang='grc' dir='ltr'><em>μεθίετε</em></span> <span class='ocrx_word' id='word_1_152' title='bbox 2046 2772 2298 2852; x_wconf 78' lang='grc' dir='ltr'><em>θούριδος</em></span> <span class='ocrx_word' id='word_1_153' title='bbox 2348 2774 2545 2847; x_wconf 69' lang='grc' dir='ltr'><em>ἀλκῆς</em></span> <span class='ocrx_word' id='word_1_154' title='bbox 2576 2774 2645 2859; x_wconf 86' lang='lat'><strong>¹).</strong></span> 
     </span>
    </p>

    <p class='ocr_par' dir='ltr' id='par_1_11' title="bbox 663 2876 3059 3069">
     <span class='ocr_line' id='line_1_23' title="bbox 663 2876 3059 2973; baseline 0 -29"><span class='ocrx_word' id='word_1_155' title='bbox 663 2876 759 2944; x_wconf 92' lang='lat' dir='ltr'><strong>De</strong></span> <span class='ocrx_word' id='word_1_156' title='bbox 823 2879 1099 2973; x_wconf 83' lang='lat' dir='ltr'><strong>confusis</strong></span> <span class='ocrx_word' id='word_1_157' title='bbox 1159 2887 1326 2943; x_wconf 86' lang='lat' dir='ltr'><strong>TAP</strong></span> <span class='ocrx_word' id='word_1_158' title='bbox 1391 2883 1456 2943; x_wconf 86' lang='lat' dir='ltr'><strong>et</strong></span> <span class='ocrx_word' id='word_1_159' title='bbox 1517 2886 1672 2945; x_wconf 86' lang='grc' dir='ltr'><strong>ΓΛΡ</strong></span> <span class='ocrx_word' id='word_1_160' title='bbox 1724 2877 2091 2945; x_wconf 75' lang='lat' dir='ltr'><strong>consulatur</strong></span> <span class='ocrx_word' id='word_1_161' title='bbox 2136 2876 2413 2946; x_wconf 82' lang='lat' dir='ltr'><strong>Cobetus</strong></span> <span class='ocrx_word' id='word_1_162' title='bbox 2460 2878 2775 2947; x_wconf 84' lang='lat' dir='ltr'><strong>Mnemos.</strong></span> <span class='ocrx_word' id='word_1_163' title='bbox 2826 2882 2919 2965; x_wconf 89' lang='lat' dir='ltr'><strong>(n.</strong></span> <span class='ocrx_word' id='word_1_164' title='bbox 2968 2884 3059 2966; x_wconf 92' lang='lat' dir='ltr'><strong>s.)</strong></span> 
     </span>
     <span class='ocr_line' id='line_1_24' title="bbox 665 2982 1111 3069; baseline -0.004 -19"><span class='ocrx_word' id='word_1_165' title='bbox 665 2984 792 3063; x_wconf 88' lang='grc' dir='ltr'><strong>ΙΙΙ,</strong></span> <span class='ocrx_word' id='word_1_166' title='bbox 841 2982 929 3051; x_wconf 86' lang='grc'><strong>83</strong></span> <span class='ocrx_word' id='word_1_167' title='bbox 977 3004 1111 3069; x_wconf 88' lang='lat' dir='ltr'><strong>sqq.</strong></span> 
     </span>
    </p>
   </div>
   <div class='ocr_carea' id='block_1_6' title="bbox 661 3196 3052 4243">
    <p class='ocr_par' dir='ltr' id='par_1_12' title="bbox 739 3196 2647 3286">
     <span class='ocr_line' id='line_1_25' title="bbox 739 3196 2647 3286; baseline 0.001 -23"><span class='ocrx_word' id='word_1_168' title='bbox 739 3207 816 3263; x_wconf 82' lang='grc' dir='ltr'><strong>,Ψ</strong></span> <span class='ocrx_word' id='word_1_169' title='bbox 864 3196 1018 3263; x_wconf 85' lang='grc'><strong>839.</strong></span> <span class='ocrx_word' id='word_1_170' title='bbox 1065 3196 1269 3263; x_wconf 80' lang='lat' dir='ltr'><strong>Disco.</strong></span> <span class='ocrx_word' id='word_1_171' title='bbox 1301 3200 1604 3265; x_wconf 84' lang='lat' dir='ltr'><strong>certaturi</strong></span> <span class='ocrx_word' id='word_1_172' title='bbox 1647 3205 1921 3285; x_wconf 88' lang='lat' dir='ltr'><strong>quatuor</strong></span> <span class='ocrx_word' id='word_1_173' title='bbox 1968 3196 2195 3265; x_wconf 84' lang='lat' dir='ltr'><strong>Graeci</strong></span> <span class='ocrx_word' id='word_1_174' title='bbox 2242 3204 2547 3286; x_wconf 83' lang='lat' dir='ltr'><strong>surg-unt:</strong></span> <span class='ocrx_word' id='word_1_175' title='bbox 2644 3220 2647 3225; x_wconf 90' lang='lat'>·</span> 
     </span>
    </p>

    <p class='ocr_par' dir='ltr' id='par_1_13' title="bbox 937 3301 2505 3389">
     <span class='ocr_line' id='line_1_26' title="bbox 937 3301 2505 3389; baseline 0.001 -20"><span class='ocrx_word' id='word_1_176' title='bbox 937 3302 1131 3382; x_wconf 75' lang='grc' dir='ltr'><em>ἑξείης</em></span> <span class='ocrx_word' id='word_1_177' title='bbox 1179 3304 1234 3369; x_wconf 83' lang='grc' dir='ltr'><strong>δ’</strong></span> <span class='ocrx_word' id='word_1_178' title='bbox 1281 3301 1528 3389; x_wconf 71' lang='grc' dir='ltr'><em>ἵς-αντο,</em></span> <span class='ocrx_word' id='word_1_179' title='bbox 1555 3302 1753 3372; x_wconf 77' lang='grc' dir='ltr'><em>σόλον</em></span> <span class='ocrx_word' id='word_1_180' title='bbox 1802 3304 1855 3369; x_wconf 89' lang='grc' dir='ltr'><strong>δ’</strong></span> <span class='ocrx_word' id='word_1_181' title='bbox 1905 3302 2007 3371; x_wconf 78' lang='grc' dir='ltr'><em>ἕλε</em></span> <span class='ocrx_word' id='word_1_182' title='bbox 2056 3304 2175 3379; x_wconf 80' lang='grc' dir='ltr'><em>δῖος</em></span> <span class='ocrx_word' id='word_1_183' title='bbox 2225 3304 2505 3381; x_wconf 77' lang='grc' dir='ltr'><em>Ἐπειός,</em></span> 
     </span>
    </p>

    <p class='ocr_par' dir='ltr' id='par_1_14' title="bbox 661 3404 3052 4243">
     <span class='ocr_line' id='line_1_27' title="bbox 933 3404 2819 3494; baseline 0.002 -20"><span class='ocrx_word' id='word_1_184' title='bbox 933 3404 1071 3483; x_wconf 71' lang='grc' dir='ltr'><em>ἧκε</em></span> <span class='ocrx_word' id='word_1_185' title='bbox 1120 3409 1198 3475; x_wconf 78' lang='grc' dir='ltr'><strong>δὲ</strong></span> <span class='ocrx_word' id='word_1_186' title='bbox 1245 3409 1618 3487; x_wconf 68' lang='grc' dir='ltr'><em>δινήσας,</em></span> <span class='ocrx_word' id='word_1_187' title='bbox 1665 3409 1957 3490; x_wconf 77' lang='grc' dir='ltr'><em>γέλασαν</em></span> <span class='ocrx_word' id='word_1_188' title='bbox 2005 3408 2059 3476; x_wconf 81' lang='grc' dir='ltr'><strong>δ’</strong></span> <span class='ocrx_word' id='word_1_189' title='bbox 2108 3410 2207 3476; x_wconf 73' lang='grc' dir='ltr'><strong>ἐπὶ</strong></span> <span class='ocrx_word' id='word_1_190' title='bbox 2257 3410 2492 3484; x_wconf 72' lang='grc' dir='ltr'><em>πάντες</em></span> <span class='ocrx_word' id='word_1_191' title='bbox 2540 3410 2819 3494; x_wconf 83' lang='grc' dir='ltr'><em>Ἀχαιοί.</em></span> 
     </span>
     <span class='ocr_line' id='line_1_28' title="bbox 664 3514 3052 3603; baseline -0 -19"><span class='ocrx_word' id='word_1_192' title='bbox 664 3516 928 3584; x_wconf 82' lang='lat' dir='ltr'><strong>Frustra</strong></span> <span class='ocrx_word' id='word_1_193' title='bbox 993 3522 1236 3585; x_wconf 84' lang='lat' dir='ltr'><strong>veteres</strong></span> <span class='ocrx_word' id='word_1_194' title='bbox 1281 3518 1654 3603; x_wconf 80' lang='lat' dir='ltr'><strong>interpretes</strong></span> <span class='ocrx_word' id='word_1_195' title='bbox 1697 3516 2088 3583; x_wconf 85' lang='lat' dir='ltr'><strong>desudarunt</strong></span> <span class='ocrx_word' id='word_1_196' title='bbox 2133 3519 2201 3582; x_wconf 92' lang='lat' dir='ltr'><strong>in</strong></span> <span class='ocrx_word' id='word_1_197' title='bbox 2246 3516 2619 3602; x_wconf 82' lang='lat' dir='ltr'><strong>explicando</strong></span> <span class='ocrx_word' id='word_1_198' title='bbox 2665 3540 2777 3584; x_wconf 90' lang='lat' dir='ltr'><strong>cur</strong></span> <span class='ocrx_word' id='word_1_199' title='bbox 2824 3514 3052 3585; x_wconf 80' lang='lat' dir='ltr'><strong>Graeci</strong></span> 
     </span>
     <span class='ocr_line' id='line_1_29' title="bbox 665 3614 3047 3701; baseline 0 -12"><span class='ocrx_word' id='word_1_200' title='bbox 665 3624 939 3689; x_wconf 79' lang='lat' dir='ltr'><strong>riserint.</strong></span> <span class='ocrx_word' id='word_1_201' title='bbox 1033 3621 1390 3690; x_wconf 68' lang='lat' dir='ltr'><strong>Scholiasta</strong></span> <span class='ocrx_word' id='word_1_202' title='bbox 1451 3632 1495 3687; x_wconf 88' lang='lat' dir='ltr'>B</span> <span class='ocrx_word' id='word_1_203' title='bbox 1561 3614 1863 3699; x_wconf 64' lang='grc' dir='ltr'><em>βούλεται</em></span> <span class='ocrx_word' id='word_1_204' title='bbox 1930 3623 2125 3689; x_wconf 74' lang='grc' dir='ltr'><em>εἰπεῖν</em></span> <span class='ocrx_word' id='word_1_205' title='bbox 2168 3619 2259 3688; x_wconf 75' lang='grc' dir='ltr'><em>ὅτι</em></span> <span class='ocrx_word' id='word_1_206' title='bbox 2309 3622 2754 3701; x_wconf 61' lang='grc' dir='ltr'><em>καταγέλαστος</em></span> <span class='ocrx_word' id='word_1_207' title='bbox 2806 3623 3047 3701; x_wconf 73' lang='grc' dir='ltr'><em>ἐγένετο</em></span> 
     </span>
     <span class='ocr_line' id='line_1_30' title="bbox 665 3724 3047 3812; baseline -0.001 -17"><span class='ocrx_word' id='word_1_208' title='bbox 665 3729 765 3795; x_wconf 76' lang='grc' dir='ltr'><strong>ἐπ’</strong></span> <span class='ocrx_word' id='word_1_209' title='bbox 815 3730 1024 3808; x_wconf 72' lang='grc' dir='ltr'><em>ὀλίγον</em></span> <span class='ocrx_word' id='word_1_210' title='bbox 1069 3728 1318 3807; x_wconf 80' lang='grc' dir='ltr'><em>βαλών·</em></span> <span class='ocrx_word' id='word_1_211' title='bbox 1371 3728 1405 3805; x_wconf 76' lang='grc' dir='ltr'>ἢ</span> <span class='ocrx_word' id='word_1_212' title='bbox 1453 3726 1546 3793; x_wconf 72' lang='grc' dir='ltr'><em>ὅτι</em></span> <span class='ocrx_word' id='word_1_213' title='bbox 1594 3730 1858 3809; x_wconf 74' lang='grc' dir='ltr'><em>εὐχερῶς</em></span> <span class='ocrx_word' id='word_1_214' title='bbox 1908 3724 2047 3803; x_wconf 75' lang='grc' dir='ltr'><em>ἧκεν</em></span> <span class='ocrx_word' id='word_1_215' title='bbox 2096 3730 2281 3795; x_wconf 80' lang='grc' dir='ltr'><em>αὑτὸν</em></span> <span class='ocrx_word' id='word_1_216' title='bbox 2326 3729 2433 3795; x_wconf 76' lang='grc' dir='ltr'><strong>καὶ</strong></span> <span class='ocrx_word' id='word_1_217' title='bbox 2480 3730 2804 3812; x_wconf 80' lang='grc' dir='ltr'><em>χαίροντες</em></span> <span class='ocrx_word' id='word_1_218' title='bbox 2854 3735 3047 3808; x_wconf 76' lang='grc' dir='ltr'><em>γελῶ·</em></span> 
     </span>
     <span class='ocr_line' id='line_1_31' title="bbox 664 3831 3047 3921; baseline -0.001 -20"><span class='ocrx_word' id='word_1_219' title='bbox 664 3859 778 3905; x_wconf 89' lang='grc' dir='ltr'><em>σιν.</em></span> <span class='ocrx_word' id='word_1_220' title='bbox 849 3835 1105 3903; x_wconf 82' lang='lat' dir='ltr'><strong>Similia</strong></span> <span class='ocrx_word' id='word_1_221' title='bbox 1151 3835 1390 3921; x_wconf 87' lang='lat' dir='ltr'><strong>profert</strong></span> <span class='ocrx_word' id='word_1_222' title='bbox 1432 3831 1630 3900; x_wconf 88' lang='lat' dir='ltr'><strong>schol.</strong></span> <span class='ocrx_word' id='word_1_223' title='bbox 1682 3834 1761 3917; x_wconf 90' lang='lat' dir='ltr'><strong>V,</strong></span> <span class='ocrx_word' id='word_1_224' title='bbox 1808 3833 2043 3901; x_wconf 86' lang='lat' dir='ltr'><strong>addens</strong></span> <span class='ocrx_word' id='word_1_225' title='bbox 2090 3836 2348 3900; x_wconf 85' lang='lat' dir='ltr'><strong>tertiam</strong></span> <span class='ocrx_word' id='word_1_226' title='bbox 2396 3837 2825 3901; x_wconf 85' lang='lat' dir='ltr'><strong>coniecturam</strong></span> <span class='ocrx_word' id='word_1_227' title='bbox 2876 3834 2910 3911; x_wconf 76' lang='grc' dir='ltr'>ἢ</span> <span class='ocrx_word' id='word_1_228' title='bbox 2960 3836 3047 3911; x_wconf 68' lang='grc' dir='ltr'><strong>μὴ</strong></span> 
     </span>
     <span class='ocr_line' id='line_1_32' title="bbox 664 3937 3048 4027; baseline -0.001 -18"><span class='ocrx_word' id='word_1_229' title='bbox 664 3943 967 4019; x_wconf 63' lang='grc' dir='ltr'><em>διας-ᾖσας</em></span> <span class='ocrx_word' id='word_1_230' title='bbox 1013 3944 1095 4008; x_wconf 74' lang='grc' dir='ltr'><strong>τὼ</strong></span> <span class='ocrx_word' id='word_1_231' title='bbox 1145 3940 1314 4008; x_wconf 76' lang='grc' dir='ltr'><em>τάδε.</em></span> <span class='ocrx_word' id='word_1_232' title='bbox 1407 3940 1735 4027; x_wconf 85' lang='lat' dir='ltr'><strong>Legerunt</strong></span> <span class='ocrx_word' id='word_1_233' title='bbox 1776 3941 1980 4027; x_wconf 82' lang='lat' dir='ltr'><strong>igitur</strong></span> <span class='ocrx_word' id='word_1_234' title='bbox 2023 3937 2440 4007; x_wconf 82' lang='lat' dir='ltr'><strong>Alexandrini</strong></span> <span class='ocrx_word' id='word_1_235' title='bbox 2488 3940 2655 4025; x_wconf 88' lang='lat' dir='ltr'><strong>quod</strong></span> <span class='ocrx_word' id='word_1_236' title='bbox 2702 3962 2815 4007; x_wconf 89' lang='lat' dir='ltr'><strong>nos</strong></span> <span class='ocrx_word' id='word_1_237' title='bbox 2860 3940 3048 4007; x_wconf 88' lang='lat' dir='ltr'><strong>hodie</strong></span> 
     </span>
     <span class='ocr_line' id='line_1_33' title="bbox 661 4044 3047 4139; baseline -0.002 -22"><span class='ocrx_word' id='word_1_238' title='bbox 661 4049 980 4139; x_wconf 85' lang='lat' dir='ltr'><strong>legimns,</strong></span> <span class='ocrx_word' id='word_1_239' title='bbox 1049 4047 1158 4113; x_wconf 88' lang='lat' dir='ltr'><strong>sed</strong></span> <span class='ocrx_word' id='word_1_240' title='bbox 1220 4050 1319 4113; x_wconf 86' lang='lat' dir='ltr'><strong>est</strong></span> <span class='ocrx_word' id='word_1_241' title='bbox 1381 4066 1456 4112; x_wconf 88' lang='lat' dir='ltr'><strong>ea</strong></span> <span class='ocrx_word' id='word_1_242' title='bbox 1518 4047 1834 4130; x_wconf 87' lang='lat' dir='ltr'><strong>scriptura</strong></span> <span class='ocrx_word' id='word_1_243' title='bbox 1880 4044 2227 4127; x_wconf 88' lang='lat' dir='ltr'><strong>eiusmodi,</strong></span> <span class='ocrx_word' id='word_1_244' title='bbox 2279 4050 2353 4111; x_wconf 84' lang='lat' dir='ltr'><strong>ut</strong></span> <span class='ocrx_word' id='word_1_245' title='bbox 2396 4066 2654 4113; x_wconf 87' lang='lat' dir='ltr'><strong>causam</strong></span> <span class='ocrx_word' id='word_1_246' title='bbox 2702 4045 3047 4113; x_wconf 84' lang='lat' dir='ltr'><strong>hilaritatis</strong></span> 
     </span>
     <span class='ocr_line' id='line_1_34' title="bbox 665 4145 3045 4243; baseline -0.002 -20"><span class='ocrx_word' id='word_1_247' title='bbox 665 4158 971 4243; x_wconf 86' lang='lat' dir='ltr'><strong>dispicere</strong></span> <span class='ocrx_word' id='word_1_248' title='bbox 1029 4172 1438 4240; x_wconf 86' lang='lat' dir='ltr'><strong>nequeamus.</strong></span> <span class='ocrx_word' id='word_1_249' title='bbox 1531 4150 1663 4217; x_wconf 83' lang='lat' dir='ltr'><strong>Vix</strong></span> <span class='ocrx_word' id='word_1_250' title='bbox 1726 4156 1943 4218; x_wconf 88' lang='lat' dir='ltr'><strong>tamen</strong></span> <span class='ocrx_word' id='word_1_251' title='bbox 2009 4152 2235 4219; x_wconf 78' lang='lat' dir='ltr'><strong>dubito</strong></span> <span class='ocrx_word' id='word_1_252' title='bbox 2298 4173 2445 4222; x_wconf 83' lang='lat' dir='ltr'><strong>vero</strong></span> <span class='ocrx_word' id='word_1_253' title='bbox 2496 4145 2863 4240; x_wconf 83' lang='lat' dir='ltr'><strong>¹proximam</strong></span> <span class='ocrx_word' id='word_1_254' title='bbox 2915 4172 3045 4219; x_wconf 85' lang='lat' dir='ltr'><strong>esse</strong></span> 
     </span>
    </p>
   </div>
   <div class='ocr_carea' id='block_1_7' title="bbox 669 4308 1021 4321">
    <p class='ocr_par' dir='ltr' id='par_1_15' title="bbox 669 4308 1021 4321">
     <span class='ocr_line' id='line_1_35' title="bbox 669 4308 1021 4321; baseline 0 837"><span class='ocrx_word' id='word_1_255' title='bbox 669 4308 1021 4321; x_wconf 95' lang='lat' dir='ltr'><strong> </strong></span> 
     </span>
    </p>
   </div>
   <div class='ocr_carea' id='block_1_8' title="bbox 734 4384 2295 4463">
    <p class='ocr_par' dir='ltr' id='par_1_16' title="bbox 734 4384 2295 4463">
     <span class='ocr_line' id='line_1_36' title="bbox 734 4384 2295 4463; baseline -0.003 -19"><span class='ocrx_word' id='word_1_256' title='bbox 734 4391 790 4463; x_wconf 86' lang='lat'><strong>1)</strong></span> <span class='ocrx_word' id='word_1_257' title='bbox 827 4390 1015 4443; x_wconf 84' lang='lat' dir='ltr'><strong>Iniuria</strong></span> <span class='ocrx_word' id='word_1_258' title='bbox 1051 4388 1235 4441; x_wconf 83' lang='lat' dir='ltr'><strong>Nauck.</strong></span> <span class='ocrx_word' id='word_1_259' title='bbox 1271 4388 1474 4440; x_wconf 83' lang='lat' dir='ltr'><strong>coniecit</strong></span> <span class='ocrx_word' id='word_1_260' title='bbox 1503 4386 1566 4439; x_wconf 76' lang='grc' dir='ltr'><strong>τί</strong></span> <span class='ocrx_word' id='word_1_261' title='bbox 1591 4384 1704 4455; x_wconf 72' lang='grc' dir='ltr'><strong>γάρ.</strong></span> <span class='ocrx_word' id='word_1_262' title='bbox 1744 4388 1816 4439; x_wconf 76' lang='lat' dir='ltr'><strong>Cf.</strong></span> <span class='ocrx_word' id='word_1_263' title='bbox 1855 4384 1972 4441; x_wconf 84' lang='lat' dir='ltr'><strong>Gob.</strong></span> <span class='ocrx_word' id='word_1_264' title='bbox 2006 4386 2096 4440; x_wconf 88' lang='lat' dir='ltr'><strong>l.·l.</strong></span> <span class='ocrx_word' id='word_1_265' title='bbox 2130 4404 2179 4457; x_wconf 83' lang='lat' dir='ltr'><strong>p.</strong></span> <span class='ocrx_word' id='word_1_266' title='bbox 2214 4388 2295 4440; x_wconf 77' lang='lat'><strong>90.</strong></span> 
     </span>
    </p>
   </div>
   <div class='ocr_carea' id='block_1_9' title="bbox 1340 5116 3217 5158">
    <p class='ocr_par' dir='ltr' id='par_1_17' title="bbox 1340 5116 3217 5158">
     <span class='ocr_line' id='line_1_37' title="bbox 1340 5116 3217 5158; baseline 0.001 -24"><span class='ocrx_word' id='word_1_267' title='bbox 1340 5116 1421 5125; x_wconf 67' lang='grc'><em>““““-</em></span> <span class='ocrx_word' id='word_1_268' title='bbox 1432 5118 1545 5128; x_wconf 79' lang='lat'><strong>--·———</strong></span> <span class='ocrx_word' id='word_1_269' title='bbox 1552 5118 1599 5125; x_wconf 75' lang='lat'><strong>·—</strong></span> <span class='ocrx_word' id='word_1_270' title='bbox 1608 5118 2507 5158; x_wconf 40' lang='lat' dir='ltr'><strong>*wssp*</strong></span> <span class='ocrx_word' id='word_1_271' title='bbox 2514 5122 2942 5135; x_wconf 80' lang='lat'><em>——-—————-</em></span> <span class='ocrx_word' id='word_1_272' title='bbox 3034 5122 3217 5143; x_wconf 41' lang='grc' dir='ltr'><strong>ἦ</strong></span> 
     </span>
    </p>
   </div>
  </div>
 </body>
</html>
