3414 5158
619 342 706 408 46
1744 359 1966 408 ramo.

705 522 778 591 G.
828 521 1132 590 Ordinem
1177 525 1440 588 restitue
1487 521 1853 602 scribendo,
1902 524 2020 595 τὰς
2060 523 2176 588 τῶν
2214 523 2561 601 λεγομένων
2607 524 2748 600 ὑμῖν
2772 521 2995 601 ἀνδρῶν

613 631 886 722 ἀγαθῶν.
938 667 1021 680 -
1071 629 1386 694 καλλίω
1437 628 1786 694 θάνατον
1834 629 2363 706 σκεψάμενος
2414 629 2838 694 ἀπαλλάττου
2885 632 2995 694 τοῦ

611 738 774 814 βίου.
869 736 1213 822 Pei-peram
1276 740 1567 814 vertunt,
1635 739 1841 813 „mori
1900 739 2102 802 satius
2162 737 2292 801 fore
2356 734 2764 819 arbitratus”,
2829 733 2997 819 quod

613 844 824 909 verbis
882 861 1008 906 non
1069 845 1252 907 inest.
1345 841 1502 906 Dele
1570 841 1831 910 θάνατον
1855 891 1871 918 ,
1936 848 2002 907 et
2052 847 2230 907 verte
2290 842 2688 920 „honestiora
2734 841 2997 908 consilia

613 947 1002 1034 amplexus.”

704 1052 784 1118 D.
848 1054 986 1124 τοὺς
1035 1053 1088 1118 δ’
1134 1051 1364 1124 ἄλλους
1415 1051 1827 1132 παράδειγμα
1875 1053 2070 1127 ὀνήσει
2120 1051 2443 1131 γενόμενος
2490 1053 2718 1127 dmin
2765 1077 2823 1118 κ.
2848 1075 2908 1117 τ.
2936 1053 2986 1120 ἑ.

613 1157 685 1224 Si
731 1159 1180 1224 documentum
1231 1157 1463 1242 populo
1511 1158 1646 1223 dari
1693 1158 1951 1235 volunt,
2003 1158 2171 1224 male
2218 1160 2461 1224 faciunt
2506 1163 2617 1243 qui
2665 1159 2991 1224 hominem

612 1263 780 1330 clam
820 1262 1198 1330 interficiant
1238 1271 1302 1328 et
1349 1266 1647 1352 ignotum
1695 1267 1759 1328 in
1812 1263 2023 1329 locum
2066 1264 2333 1330 cadaver
2368 1266 2503 1330 eius
2544 1267 2814 1329 eiiciant.
2866 1263 2993 1329 Sed

614 1368 809 1435 aliam
869 1369 1063 1444 ὄνησιν
1128 1376 1478 1455 quaerunt,
1541 1391 1772 1456 nempe
1834 1379 1909 1435 ut
1954 1391 2032 1436 ne
2085 1373 2255 1437 cives
2292 1371 2718 1452 ,πολιτοφθόρα
2764 1369 2881 1435 illa
2922 1372 2991 1434 in

611 1477 923 1542 memoria
964 1479 1296 1541 retineant.
1344 1474 1520 1541 Dele·
1547 1475 1979 1554 παράδειγμα.
2642 1559 2657 1568 0

701 1581 852 1646 855.
919 1581 1001 1646 A.
1067 1581 1234 1661 Quid
1295 1586 1391 1646 est
1455 1580 1640 1658 λόγος
1691 1579 1931 1658 ἔντιμος
1982 1579 2361 1658 λεγόμενοςῖ
2408 1583 2695 1647 Fortasse
2742 1581 2991 1666 scripsit

612 1701 673 1752 λ.
740 1688 800 1750 ἐν
865 1696 1016 1768 τιμῇ
1078 1700 1142 1749 λ.
1193 1723 1281 1734 —-
1327 1685 1608 1752 Mulctas
1671 1685 2003 1753 solvendas
2068 1709 2199 1753 esse
2262 1689 2521 1766 scribit,
2573 1686 2649 1750 ἂν
2701 1685 2735 1766 ὖ
2782 1687 2845 1752 τί
2890 1686 2987 1766 τῷ

611 1796 718 1856 τοῦ
768 1792 988 1870 κλήρου
1034 1791 1612 1865 κατεσκευασμένου
1663 1798 2032 1871 περιττεῦον.
2084 1792 2258 1859 Male
2302 1793 2455 1857 libri
2503 1795 2671 1856 τῶν.

702 1897 866 1963 Ibid.
917 1896 993 1961 B.
1045 1892 1204 1968 ὅπως
1253 1895 1330 1962 ἂν
1376 1902 1492 1960 τῶν
1539 1901 1767 1976 κλήρων
1813 1899 2062 1974 ἀργὸς
2104 1897 2317 1972 μηδεὶς
2358 1897 2666 1974 μηδέποτε
2690 1897 2989 1975 γίγνηται

615 2002 688 2067 δι’
738 2002 996 2080 ἀπορίαν
1042 2003 1408 2082 χρήματων.
1455 2000 1664 2067 Vertit
1706 2003 2016 2089 interpres
2067 2024 2187 2080 „ne
2235 2005 2377 2088 quis
2418 2024 2701 2089 unquam
2740 2008 2992 2089 propter

615 2109 1050 2195 indigentiam.
1083 2109 1499 2194 pecuniarum
1540 2128 1656 2172 sua
1700 2114 1874 2174 sorte
1906 2108 2250 2190 privatus-3⁹
2296 2109 2438 2175 Hoc
2477 2111 2701 2195 probat
2740 2112 2988 2174 Aetius:

621 2211 850 2296 ,ἀργὸς
913 2235 1134 2277 vacum
1195 2211 1463 2296 ezr-peras
1527 2211 1749 2288 Verte,
1800 2235 1880 2279 ne
1926 2235 2052 2298 qua
2097 2235 2229 2281 sors
2274 2221 2528 2300 propter
2571 2215 2989 2302 indigentiam

614 2319 845 2383 inculta
889 2319 1098 2383 iaceat.
1169 2318 1311 2384 Hac
1358 2318 1436 2384 de
1483 2339 1674 2384 causa
1720 2318 1959 2403 pluries
2010 2323 2071 2384 in
2118 2321 2235 2386 hoc
2280 2320 2445 2386 libro
2491 2341 2617 2385 non
2662 2320 2851 2385 modo
2912 2319 2989 2383 de

614 2431 779 2490 sorte
841 2424 1176 2491 vendanda
1239 2429 1452 2501 cavet,
1520 2425 1626 2488 sed
1683 2425 2033 2490 videndum
2081 2446 2214 2491 esse
2263 2427 2447 2491 docet
2493 2421 2651 2497 ὅπως
2700 2425 2729 2488 ὃ
2774 2433 2985 2503 κλῆρος

615 2527 752 2599 ἓςαι
815 2529 1381 2607 κατεσκευασμένος
1449 2525 1791 2605 παντελῶς.
1886 2531 2060 2597 Infra
2121 2552 2233 2617 pro
2296 2530 2541 2607 δεσμοῖς
2606 2554 2677 2595 τε
2734 2529 2986 2611 χρονίοις

613 2636 716 2701 καὶ
779 2637 1086 2717 ἐμφανέσι
1151 2637 1286 2701 καὶ
1348 2637 1470 2701 τισὶ
1532 2646 2066 2716 προπηλακισμοῖς
2134 2637 2413 2717 κολάζειν
2473 2636 2819 2725 legendum
2881 2634 2985 2700 καὶ

612 2742 920 2821 ἐμφανέσι
981 2741 1104 2805 τισὶ
1169 2750 1725 2821 προπηλακισμοῖς.
1819 2741 2056 2807 Nullus
2110 2755 2206 2806 est
2252 2764 2460 2807 career
2505 2742 2833 2821 ἐμφανῆς;
2880 2742 2989 2825 qui

608 2848 739 2913 sint
799 2843 1299 2927 προπηλακισμοὶ
1363 2850 1668 2925 ἐμφανεῖς
1727 2850 1861 2931 ipse
1907 2848 2071 2912 infra
2117 2848 2399 2914 docebit:
2449 2850 2765 2927 ἀμόρφους
2814 2844 2985 2926 ἕδρας

609 2952 645 3028 ἦ
694 2954 908 3026 τάσεις
956 2954 990 3028 ἢ
1041 2950 1429 3031 παραςασεις
1479 2952 1562 3023 εἷς
1612 2952 1741 3027 ἱερὰ
1796 2952 1954 3037 (καὶ)
2003 2952 2102 3015 ἐπὶ
2151 2954 2235 3018 τὰ
2285 2962 2392 3027 τῆς
2444 2954 2650 3034 χώρας
2695 2953 2986 3035 ἔσχατα,

609 3059 724 3124 ubi
771 3061 981 3130 ςασεις
1032 3058 1110 3123 ad
1159 3057 1328 3136 ἱερά,
1377 3056 1761 3136 παραςοὶσεις
1814 3058 1892 3122 ad
1940 3060 2196 3139 ἔσχατα
2244 3061 2577 3144 pertinent.

702 3163 866 3229 Ibid.
917 3160 987 3229 O.
1036 3163 1208 3228 Mira
1253 3167 1349 3229 est
1394 3162 1831 3248 interpretatio
1882 3164 2216 3230 verborum
2237 3211 2254 3241 ‚
2303 3164 2517 3241 μηδεὶς
2565 3162 2785 3239 ἄτιμος
2834 3162 2985 3247 ἓςω,

615 3274 988 3354 „peccatum
1035 3268 1289 3334 nullum
1336 3270 1735 3353 impunitum
1783 3269 1929 3334 sit.”
1976 3269 2183 3348 Quam
2232 3276 2297 3335 et
2342 3272 2562 3335 Astius
2608 3271 2831 3355 probat
2878 3270 2989 3355 qui

611 3375 868 3440 scribit:
935 3373 1200 3453 »ἄτιμον
1255 3377 1298 3439 i.
1325 3395 1380 3441 e.
1439 3376 1820 3454 ἀτιμώρητον
1876 3374 2339 3461 impunitum.’²
2432 3376 2726 3452 ’Λτιμίαν
2772 3380 2836 3441 et
2876 3376 2987 3449 τὴν

611 3480 696 3549 εἰς
743 3480 852 3555 τὴν
893 3479 1204 3559 ὑπερορίαν
1250 3478 1464 3558 φυγήν
1509 3482 1676 3545 inter
1721 3501 1951 3565 poenas
1998 3481 2229 3547 idcirco
2276 3501 2409 3545 esse
2454 3502 2577 3546 non
2626 3480 2800 3565 vult,
2839 3483 2989 3565 quia

611 3590 906 3669 expertus
953 3592 1048 3651 est
1088 3591 1433 3670 utrumque
1469 3585 1888 3651 seditionibus
1926 3593 1991 3651 et
2028 3587 2465 3652 novandarum
2505 3566 2719 3653 rerum
2757 3588 2987 3653 studiis

611 3693 949 3757 materiam
995 3692 1312 3777 praebere.
1364 3728 1446 3739 -
1499 3690 1711 3757 Insere
1758 3712 1905 3757 cum
1952 3690 2270 3776 Stephano
2317 3693 2429 3779 (εἰς
2477 3693 2614 3780 την)
2653 3694 2985 3773 ὑπερορίαν.

609 3794 764 3862 Mox
824 3794 964 3863 dele
1022 3794 1347 3874 γιγνέσθω.
1418 3796 1739 3864 Orationis
1783 3804 2100 3863 structura
2146 3798 2302 3863 haec
2350 3805 2480 3863 est:
2533 3797 2787 3863 θάνατον
2839 3799 2901 3864 δὲ
2950 3798 2982 3873 ἢ

611 3900 869 3979 δεσμοὺς
917 3949 934 3966 .
965 3953 978 3967 .
1009 3950 1024 3967 .
1056 3952 1072 3969 .
1135 3902 1169 3977 ἢ
1217 3904 1562 3983 χρημάτων
1610 3902 1869 3973 ἐκτίσεις
1920 3904 2247 3980 γίγνεσθαι
2296 3904 2417 3969 δεῖν
2462 3907 2571 3978 την
2616 3904 2783 3977 δίκην
2830 3905 2985 3969 ταύ-

610 4030 742 4082 την.
789 4007 1049 4073 Adiecit
1096 4007 1372 4085 καθάπερ
1423 4006 1706 4084 εἴπομεν,
1760 4010 1909 4091 quia
1953 4008 2195 4073 multae
2233 4010 2645 4094 imponendae
2685 4010 2988 4075 conditio-

608 4133 722 4177 nes
767 4120 912 4179 ante
957 4110 1284 4199 profinitas
1329 4114 1567 4176 servari
1612 4110 1777 4176 vult.

699 4216 860 4281 Ibid.
912 4217 989 4282 D.
1051 4218 1221 4283 κατα
1282 4216 1351 4281 τὸ
1413 4216 1582 4294 ςόμα
1642 4222 1747 4281 τοῦ
1799 4217 2107 4289 διώκοντός
2157 4243 2227 4283 τε
2275 4220 2378 4283 καὶ
2437 4222 2596 4307 (τοῦ)
2646 4219 2982 4298 φεύγοντος

610 4321 638 4385 ὅ
687 4320 942 4397 δικαςης
991 4322 1128 4401 ἑξῆς
1179 4325 1324 4401 ἡμῖν
1373 4322 1713 4399 ἐγγύτατα
1760 4323 1933 4388 κατὰ
1979 4324 2236 4407 πρέσβιν
2282 4326 2518 4406 ἱζέσθω.
2610 4324 2835 4392 Nonne
2882 4347 2989 4392 ex-

613 4425 770 4491 cidit
815 4423 1078 4497 ἕκαςοςῗ
