3414 5158
643 324 773 391 194
1671 341 1996 392 nomos.

633 514 710 574 ut
754 513 1030 574 matrem
1076 508 1266 574 domo
1311 511 1566 595 exigat,
1607 506 2029 574 Telemachus
2068 511 2265 596 negat
2303 528 2379 574 ac
2414 511 2748 596 pernegat,
2794 507 3025 576 deinde

627 620 914 701 perorat:
961 617 1040 688 ὥς
1085 616 1154 680 οὐ
1201 620 1412 680 τοῦτον
1459 614 1582 692 ἐγώ
1631 635 1786 680 ποτε
1828 617 2014 692 μῦθον
2054 614 2263 694 ἐνίψω.
2314 613 2639 700 Quidquid
2676 613 3019 700 addideriS,

633 721 972 810 pueriliter
1017 721 1308 789 addetur.

908 1045 1004 1117 τίς
1049 1037 1163 1108 οἷδ’
1209 1042 1271 1108 εἴ
1311 1066 1380 1108 xe
1428 1042 1534 1106 καὶ
1579 1041 1773 1115 αὐτὸς
1820 1041 1919 1108 ἰὼν
1964 1041 2171 1116 κοΐλής
2222 1039 2325 1106 ἐπὶ
2374 1039 2509 1114 νηὸς

907 1157 1063 1226 τῆλε
1106 1150 1308 1231 φίλων
1353 1146 1777 1222 ἀπόληται
1830 1149 2141 1226 ἀλώμενος
2190 1143 2388 1227 ὥσπερ
2441 1143 2805 1218 Ὀδυσσεύς.

581 1239 588 1244 ”
633 1253 946 1340 Requiro:
1011 1257 1480 1321 ἀπολεῖται.
1542 1252 1704 1321 Vide
1763 1253 1955 1320 modo
2014 1277 2061 1332 γ
2108 1251 2285 1318 216:
2332 1253 2427 1326 τίς
2482 1247 2592 1318 οἶδ’
2642 1249 2703 1316 εί
2746 1251 2815 1317 κέ
2865 1250 3019 1316 ποτέ

633 1366 751 1444 σφι
811 1360 964 1441 βίας
1023 1359 1392 1426 ἀποτίσεται
1441 1360 1625 1426 ἐλθών
1671 1365 1737 1426 et
1782 1384 1835 1426 π
1878 1357 2045 1428 239:
2095 1356 2469 1442 φράσσομαι
2517 1357 2577 1424 εἴ
2620 1383 2725 1424 κεν
2774 1363 2871 1423 νῶι
2918 1357 3020 1422 δυ·

633 1467 915 1547 νησόμεθ’
961 1467 1418 1552 ἀντιφέρεσθαι.

725 1705 772 1760 7
821 1679 998 1859 60δ’ὸς
1046 1787 1101 1852 δ’
1145 1785 1238 1853 ἔτι
1285 1786 1680 1866 Τηλέμαχον
1724 1786 1829 1852 καὶ
1881 1785 1993 1864 ἐμὲ
2039 1783 2472 1865 πρήξαντα
2518 1737 2775 1853 νέεσθαι.

635 1891 770 1960 Οιιι·
809 1893 916 1960 hic
962 1894 1149 1960 unice
1193 1913 1420 1960 verum
1467 1896 1554 1960 sit.
1600 1890 2055 1973 πρήξαντε,
2102 1892 2238 1958 dixi
2276 1893 2346 1958 in
2383 1892 2508 1968 Qu.
2547 1890 2745 1958 Hom.
2771 1911 2833 1976 p.
2872 1889 3020 1957 135.

724 2105 906 2186 Quod
971 2129 1018 2184 γ
1065 2103 1152 2173 81
1214 2104 1460 2194 legitur
1519 2105 2087 2184 εἰλήλουθμεν,
2153 2108 2285 2171 iam
2348 2104 2487 2172 dixi
2532 2106 2601 2170 in
2649 2105 2770 2186 Ωιι.
2816 2105 3013 2173 Hom.

629 2231 694 2297 p.
743 2209 830 2276 87
901 2233 1016 2278 cnr
1074 2213 1314 2297 ubique
1373 2211 1604 2278 malim
1663 2213 2054 2291 εἰλήλυθμεν.
2146 2209 2385 2278 Itidem
2446 2210 2743 2300 analogia
2804 2211 3016 2299 magis

632 2318 812 2385 ducit
873 2319 951 2385 ad
1011 2320 1340 2395 εἱλήλευθα
1401 2339 1596 2406 quum
1660 2318 1743 2386 ad
1794 2319 2119 2395 εἰλήλουθα
2141 2367 2159 2397 ,
2208 2317 2378 2404 quod
2422 2339 2609 2403 saepe
2652 2318 3010 2395 invenitur,

627 2423 740 2491 sed
783 2425 952 2490 mihi
997 2425 1260 2512 quidem
1303 2425 1646 2494 barbarum
1691 2425 1969 2494 videtur.

712 2636 1000 2705 Nestoris
1044 2640 1238 2707 verba
1284 2644 1435 2707 sunt
1480 2639 1562 2707 ad
1606 2638 2066 2715 Telemachum
2112 2662 2159 2717 γ
2210 2638 2387 2707 2162

805 2745 899 2817 τίς
948 2738 1061 2811 οἷδ’
1105 2744 1162 2810 εἴ
1205 2744 1276 2811 κέ
1322 2744 1473 2811 ποτέ
1518 2751 1636 2828 σφι
1680 2746 1834 2825 βίας
1880 2746 2392 2811 ἀποτίσεται
2442 2744 2623 2809 ἐλθών

806 2848 926 2926 ἥδ
966 2876 1061 2931 γε
1108 2857 1397 2930 μοῦνος
1447 2852 1586 2917 δῶν
1633 2854 1665 2927 ἢ
1716 2853 1849 2917 καὶ
1902 2850 2391 2929 σύμπαντες
2436 2851 2804 2933 ’Λχαιοίς

623 2957 862 3038 Quodsi
925 2960 1132 3043 enim,
1193 2959 1437 3043 inquit,
1503 2958 1727 3025 eodem
1784 2978 1996 3026 amore
2040 2958 2335 3025 Minerva
2380 2964 2445 3023 te
2490 2964 2969 3043 prosequeretur
2984 3006 3005 3043 ,

619 3082 744 3149 quo
790 3062 949 3131 olim
995 3070 1354 3149 prosecuta
1374 3069 1472 3129 est
1515 3071 1767 3149 patrem
1810 3072 2038 3142 tuum,

983 3170 1068 3250 τῷ
1115 3170 1220 3235 κέν
1263 3193 1359 3240 τις
1407 3169 1612 3235 κείνων
1659 3192 1741 3249 γε
1786 3170 1893 3233 καὶ
1944 3168 2333 3235 ἐκλελαθοιτο
2382 3170 2639 3247 γάμοιο.

615 3240 966 3341 Delirantis
1029 3274 1186 3341 haec
1254 3277 1456 3343 oratio
1519 3282 1652 3361 est,
1716 3298 1909 3363 quam
1972 3280 2166 3341 miror
2230 3276 2548 3360 quomodo
2598 3274 3002 3343 Aristarchus

616 3380 880 3467 probare
945 3383 1228 3467 potuerit
1293 3391 1358 3447 et
1426 3381 1618 3470 longe
1675 3388 1955 3467 praestat
2018 3382 2185 3467 quod
2244 3380 2603 3449 Zenodotus
2664 3382 2999 3466 scripserat

617 3487 947 3556 ἀποτίσεαι
968 3537 986 3572 ‚
1051 3488 1161 3567 sed
1217 3487 1392 3553 idem
1455 3487 1797 3554 infeliciter
1842 3491 2193 3555 coniecerat
2238 3488 2272 3565 ἢ
2322 3487 2523 3565 σύγε
2569 3490 2821 3567 μοῦνος,
2872 3507 2997 3555 non

616 3596 787 3659 enim
851 3593 1343 3679 exspectandum
1405 3600 1542 3660 erat
1601 3594 1735 3659 fore
1804 3600 1877 3659 ut
1940 3614 2101 3658 unus
2148 3592 2513 3659 adulescens
2563 3600 2659 3659 tot
2706 3596 2997 3661 robustos

615 3703 787 3767 viros
843 3705 1204 3786 superaret,
1253 3719 1412 3785 quos
1457 3721 1540 3766 ne
1584 3698 1851 3787 Uiysses
1895 3699 2151 3785 quidem
2198 3698 2371 3765 solus
2418 3720 2711 3785 superare
2756 3702 2991 3785 potuit.

615 3805 788 3887 Quid
855 3809 1060 3895 igitur
1127 3803 1576 3873 scribendum?
1659 3806 1907 3890 Nempe
1982 3804 2285 3871 Zenodoti
2345 3804 2795 3871 ἀποτίσεαι
2858 3808 2997 3873 sine

613 3914 1038 3987 controversia
1074 3933 1299 3978 verum
1340 3919 1466 3991 est,
1509 3912 1679 3997 quod
1716 3919 2053 3997 postquam
2091 3910 2251 3977 forte
2290 3912 2447 3977 abiit
2486 3915 2555 3977 in
2598 3912 2992 3993 ἀποτίσεται,

609 4039 690 4084 ne
757 4021 956 4085 oratio
1025 4018 1268 4093 hinet,
1339 4018 1511 4084 male
1571 4017 1830 4083 sedulus
1890 4016 2303 4103 interpolator
2364 4017 2645 4083 addidit.
2716 4017 2750 4093 ἦ
2818 4014 2855 4081 3
2912 4042 2993 4097 γε

610 4129 826 4203 μοῦνος
887 4126 992 4191 ἐὼν
1053 4125 1088 4201 ἢ
1152 4124 1256 4189 καὶ
1321 4123 1684 4201 σύμπαντες
1750 4121 2025 4203 Ἀχαιοί.
2124 4120 2250 4188 Sed
2310 4125 2665 4188 rectissime
2709 4121 2995 4209 procedit

611 4233 848 4297 oratio:

971 4334 1067 4407 τίς
1114 4332 1225 4403 οἶδ’
1271 4336 1330 4401 εἴ
1373 4334 1442 4401 κέ
1488 4336 1638 4400 ποτέ
1685 4342 1802 4417 σφι
1849 4334 2001 4414 βίας
2047 4336 2376 4401 ἀποτίσεαι
2426 4334 2652 4412 ἐλθών·

973 4442 1022 4507 εἰ
1071 4441 1198 4523 γάρ
1244 4444 1300 4507 τ’
1349 4439 1424 4516 ὣς
1475 4440 1660 4509 ἐθέλοι
1710 4442 1948 4522 φιλέειν
1995 4448 2357 4521 γλαυκῶπις
2408 4438 2625 4515 Ἀθήνη
2750 4495 2760 4505 .
