<?xml version="1.0" encoding="UTF-8"?>
<!DOCTYPE html PUBLIC "-//W3C//DTD XHTML 1.0 Transitional//EN"
    "http://www.w3.org/TR/xhtml1/DTD/xhtml1-transitional.dtd">
<html xmlns="http://www.w3.org/1999/xhtml" xml:lang="en" lang="en">
 <head>
  <title>
</title>
<meta http-equiv="Content-Type" content="text/html;charset=utf-8" />
  <meta name='ocr-system' content='tesseract 3.04.00' />
  <meta name='ocr-capabilities' content='ocr_page ocr_carea ocr_par ocr_line ocrx_word'/>
</head>
<body>
  <div class='ocr_page' id='page_1' title='image "./mnemosynevolume02verdgoog_0373.png"; bbox 0 0 3414 5158; ppageno 0'>
   <div class='ocr_carea' id='block_1_1' title="bbox 1409 367 2757 438">
    <p class='ocr_par' dir='ltr' id='par_1_1' title="bbox 1409 367 2757 438">
     <span class='ocr_line' id='line_1_1' title="bbox 1409 367 2757 438; baseline -0.001 -3"><span class='ocrx_word' id='word_1_1' title='bbox 1409 385 1731 436; x_wconf 71' lang='lat' dir='ltr'><strong>nonnus.</strong></span> <span class='ocrx_word' id='word_1_2' title='bbox 2624 367 2757 438; x_wconf 79' lang='lat'><strong>353</strong></span> 
     </span>
    </p>
   </div>
   <div class='ocr_carea' id='block_1_2' title="bbox 373 548 2776 4337">
    <p class='ocr_par' dir='ltr' id='par_1_2' title="bbox 373 548 2776 4337">
     <span class='ocr_line' id='line_1_2' title="bbox 373 548 2760 638; baseline 0 -21"><span class='ocrx_word' id='word_1_3' title='bbox 373 560 433 617; x_wconf 93' lang='lat' dir='ltr'>N</span> <span class='ocrx_word' id='word_1_4' title='bbox 487 549 654 616; x_wconf 81' lang='lat'>352:</span> <span class='ocrx_word' id='word_1_5' title='bbox 696 551 923 632; x_wconf 75' lang='grc' dir='ltr'><strong><em>ἤχθετο</em></strong></span> <span class='ocrx_word' id='word_1_6' title='bbox 964 548 1091 631; x_wconf 72' lang='grc' dir='ltr'><strong>γάρ</strong></span> <span class='ocrx_word' id='word_1_7' title='bbox 1132 554 1207 632; x_wconf 76' lang='grc' dir='ltr'><strong>ῥα</strong></span> <span class='ocrx_word' id='word_1_8' title='bbox 1248 551 1483 631; x_wconf 74' lang='grc' dir='ltr'><strong><em>Τρωσὶν</em></strong></span> <span class='ocrx_word' id='word_1_9' title='bbox 1524 550 1972 627; x_wconf 69' lang='grc' dir='ltr'><strong><em>δαμναμένους.</em></strong></span> <span class='ocrx_word' id='word_1_10' title='bbox 2021 549 2188 617; x_wconf 77' lang='lat' dir='ltr'><strong>Sunt</strong></span> <span class='ocrx_word' id='word_1_11' title='bbox 2223 555 2441 617; x_wconf 84' lang='lat' dir='ltr'><strong>autem</strong></span> <span class='ocrx_word' id='word_1_12' title='bbox 2481 553 2760 638; x_wconf 86' lang='lat' dir='ltr'><strong>quinque</strong></span> 
     </span>
     <span class='ocr_line' id='line_1_3' title="bbox 374 656 2753 745; baseline 0.002 -23"><span class='ocrx_word' id='word_1_13' title='bbox 374 659 499 724; x_wconf 91' lang='lat' dir='ltr'><strong>loci</strong></span> <span class='ocrx_word' id='word_1_14' title='bbox 516 661 648 744; x_wconf 91' lang='lat' dir='ltr'><strong>qui</strong></span> <span class='ocrx_word' id='word_1_15' title='bbox 690 658 769 724; x_wconf 90' lang='lat' dir='ltr'><strong>ad</strong></span> <span class='ocrx_word' id='word_1_16' title='bbox 809 659 1075 726; x_wconf 85' lang='lat' dir='ltr'><strong>eandem</strong></span> <span class='ocrx_word' id='word_1_17' title='bbox 1114 678 1407 725; x_wconf 87' lang='lat' dir='ltr'><strong>normam</strong></span> <span class='ocrx_word' id='word_1_18' title='bbox 1448 657 1806 744; x_wconf 83' lang='lat' dir='ltr'><strong>corrigendi</strong></span> <span class='ocrx_word' id='word_1_19' title='bbox 1845 656 2167 723; x_wconf 86' lang='lat' dir='ltr'><strong>videntur.</strong></span> <span class='ocrx_word' id='word_1_20' title='bbox 2215 656 2486 745; x_wconf 76' lang='lat' dir='ltr'>Legitur</span> <span class='ocrx_word' id='word_1_21' title='bbox 2508 668 2558 724; x_wconf 90' lang='lat' dir='ltr'>E</span> <span class='ocrx_word' id='word_1_22' title='bbox 2589 658 2753 726; x_wconf 78' lang='lat'>682:</span> 
     </span>
     <span class='ocr_line' id='line_1_4' title="bbox 1204 761 2220 848; baseline -0.003 -18"><span class='ocrx_word' id='word_1_23' title='bbox 1204 765 1375 848; x_wconf 75' lang='grc' dir='ltr'><strong><em>χάρη</em></strong></span> <span class='ocrx_word' id='word_1_24' title='bbox 1426 764 1482 830; x_wconf 84' lang='grc' dir='ltr'><strong>δ’</strong></span> <span class='ocrx_word' id='word_1_25' title='bbox 1528 761 1651 842; x_wconf 72' lang='grc' dir='ltr'><strong>ἄρα</strong></span> <span class='ocrx_word' id='word_1_26' title='bbox 1697 765 1748 828; x_wconf 80' lang='grc' dir='ltr'><strong><em>οἱ</em></strong></span> <span class='ocrx_word' id='word_1_27' title='bbox 1796 762 2220 844; x_wconf 77' lang='grc' dir='ltr'><strong><em>προσιόντι</em></strong></span> 
     </span>
     <span class='ocr_line' id='line_1_5' title="bbox 608 867 2490 951; baseline -0.001 -13"><span class='ocrx_word' id='word_1_28' title='bbox 608 872 1053 951; x_wconf 73' lang='grc' dir='ltr'><strong><em>Σαρπηδὼν</em></strong></span> <span class='ocrx_word' id='word_1_29' title='bbox 1099 870 1292 945; x_wconf 79' lang='grc' dir='ltr'><strong><em>Διὸς</em></strong></span> <span class='ocrx_word' id='word_1_30' title='bbox 1341 872 1551 949; x_wconf 75' lang='grc' dir='ltr'><strong><em>υίὸς,</em></strong></span> <span class='ocrx_word' id='word_1_31' title='bbox 1602 868 1744 944; x_wconf 79' lang='grc' dir='ltr'><strong><em>ἔπος</em></strong></span> <span class='ocrx_word' id='word_1_32' title='bbox 1795 871 1848 936; x_wconf 91' lang='grc' dir='ltr'><strong>δ’</strong></span> <span class='ocrx_word' id='word_1_33' title='bbox 1895 870 2224 950; x_wconf 74' lang='grc' dir='ltr'><strong><em>ὀλοφυδνὸν</em></strong></span> <span class='ocrx_word' id='word_1_34' title='bbox 2271 867 2490 937; x_wconf 78' lang='grc' dir='ltr'><strong><em>ἔειπεν.</em></strong></span> 
     </span>
     <span class='ocr_line' id='line_1_6' title="bbox 376 975 2595 1063; baseline 0.001 -21"><span class='ocrx_word' id='word_1_35' title='bbox 376 975 506 1042; x_wconf 88' lang='lat' dir='ltr'><strong>Hic</strong></span> <span class='ocrx_word' id='word_1_36' title='bbox 552 976 881 1044; x_wconf 87' lang='lat' dir='ltr'><strong>Bentleius</strong></span> <span class='ocrx_word' id='word_1_37' title='bbox 925 977 1098 1044; x_wconf 88' lang='lat' dir='ltr'><strong>haud</strong></span> <span class='ocrx_word' id='word_1_38' title='bbox 1146 978 1411 1046; x_wconf 86' lang='lat' dir='ltr'><strong>obscura</strong></span> <span class='ocrx_word' id='word_1_39' title='bbox 1458 977 1535 1042; x_wconf 87' lang='lat' dir='ltr'><strong>de</strong></span> <span class='ocrx_word' id='word_1_40' title='bbox 1584 997 1773 1044; x_wconf 83' lang='lat' dir='ltr'><strong>causa</strong></span> <span class='ocrx_word' id='word_1_41' title='bbox 1817 975 2128 1044; x_wconf 78' lang='lat' dir='ltr'><strong>vocabula</strong></span> <span class='ocrx_word' id='word_1_42' title='bbox 2174 980 2595 1063; x_wconf 76' lang='lat' dir='ltr'><strong>transposuit.</strong></span> 
     </span>
     <span class='ocr_line' id='line_1_7' title="bbox 1295 1082 2208 1165; baseline -0.001 -16"><span class='ocrx_word' id='word_1_43' title='bbox 1295 1082 1465 1165; x_wconf 74' lang='grc' dir='ltr'><strong><em>χάρη</em></strong></span> <span class='ocrx_word' id='word_1_44' title='bbox 1514 1084 1567 1149; x_wconf 91' lang='grc' dir='ltr'><strong>δ’</strong></span> <span class='ocrx_word' id='word_1_45' title='bbox 1616 1082 1738 1164; x_wconf 69' lang='grc' dir='ltr'><strong>ἄρα</strong></span> <span class='ocrx_word' id='word_1_46' title='bbox 1785 1084 1840 1148; x_wconf 71' lang='grc' dir='ltr'><strong><em>οἱ</em></strong></span> <span class='ocrx_word' id='word_1_47' title='bbox 1888 1082 2034 1158; x_wconf 75' lang='grc' dir='ltr'><strong><em>Διὸς</em></strong></span> <span class='ocrx_word' id='word_1_48' title='bbox 2083 1083 2208 1158; x_wconf 74' lang='grc' dir='ltr'><strong><em>υίὸς</em></strong></span> 
     </span>
     <span class='ocr_line' id='line_1_8' title="bbox 990 1188 1701 1272; baseline -0.003 -16"><span class='ocrx_word' id='word_1_49' title='bbox 990 1188 1326 1272; x_wconf 73' lang='grc' dir='ltr'><strong><em>Σαρπηδὼν</em></strong></span> <span class='ocrx_word' id='word_1_50' title='bbox 1375 1189 1701 1270; x_wconf 76' lang='grc' dir='ltr'><strong><em>προσιόντι.</em></strong></span> 
     </span>
     <span class='ocr_line' id='line_1_9' title="bbox 381 1293 1994 1414; baseline 0 -52"><span class='ocrx_word' id='word_1_51' title='bbox 381 1296 590 1377; x_wconf 84' lang='lat' dir='ltr'><strong>Quam</strong></span> <span class='ocrx_word' id='word_1_52' title='bbox 638 1299 1087 1414; x_wconf 76' lang='lat' dir='ltr'>correctionem</span> <span class='ocrx_word' id='word_1_53' title='bbox 1131 1299 1256 1362; x_wconf 84' lang='lat' dir='ltr'><strong>nisi</strong></span> <span class='ocrx_word' id='word_1_54' title='bbox 1300 1295 1487 1362; x_wconf 83' lang='lat' dir='ltr'><strong>fallor</strong></span> <span class='ocrx_word' id='word_1_55' title='bbox 1534 1298 1625 1362; x_wconf 89' lang='lat' dir='ltr'><strong>sic</strong></span> <span class='ocrx_word' id='word_1_56' title='bbox 1674 1293 1994 1381; x_wconf 85' lang='lat' dir='ltr'><strong>perficies.</strong></span> 
     </span>
     <span class='ocr_line' id='line_1_10' title="bbox 1289 1399 2386 1484; baseline 0.002 -18"><span class='ocrx_word' id='word_1_57' title='bbox 1289 1401 1457 1484; x_wconf 75' lang='grc' dir='ltr'><strong><em>χάρη</em></strong></span> <span class='ocrx_word' id='word_1_58' title='bbox 1511 1400 1567 1467; x_wconf 91' lang='grc' dir='ltr'><strong>δ’</strong></span> <span class='ocrx_word' id='word_1_59' title='bbox 1618 1399 1744 1482; x_wconf 66' lang='grc' dir='ltr'><strong><em>ἄρα</em></strong></span> <span class='ocrx_word' id='word_1_60' title='bbox 1789 1426 1927 1480; x_wconf 82' lang='grc' dir='ltr'><strong>μιν</strong></span> <span class='ocrx_word' id='word_1_61' title='bbox 1974 1403 2162 1476; x_wconf 80' lang='grc' dir='ltr'><strong><em>Διὸς</em></strong></span> <span class='ocrx_word' id='word_1_62' title='bbox 2215 1401 2386 1476; x_wconf 77' lang='grc' dir='ltr'><strong>υιός</strong></span> 
     </span>
     <span class='ocr_line' id='line_1_11' title="bbox 975 1507 1936 1619; baseline 0 -47"><span class='ocrx_word' id='word_1_63' title='bbox 975 1507 1416 1589; x_wconf 75' lang='grc' dir='ltr'><strong><em>Σαρπηδὼν</em></strong></span> <span class='ocrx_word' id='word_1_64' title='bbox 1464 1509 1936 1619; x_wconf 71' lang='grc' dir='ltr'><strong><em>προσιόντα.</em></strong></span> 
     </span>
     <span class='ocr_line' id='line_1_12' title="bbox 386 1611 1162 1683; baseline -0.004 -3"><span class='ocrx_word' id='word_1_65' title='bbox 386 1613 711 1680; x_wconf 75' lang='lat' dir='ltr'><strong>Secundus</strong></span> <span class='ocrx_word' id='word_1_66' title='bbox 756 1619 853 1682; x_wconf 85' lang='lat' dir='ltr'><strong>est</strong></span> <span class='ocrx_word' id='word_1_67' title='bbox 900 1623 943 1683; x_wconf 85' lang='grc' dir='ltr'>Ξ</span> <span class='ocrx_word' id='word_1_68' title='bbox 994 1611 1162 1680; x_wconf 85' lang='lat'><strong>504.</strong></span> 
     </span>
     <span class='ocr_line' id='line_1_13' title="bbox 744 1719 2333 1807; baseline 0.001 -21"><span class='ocrx_word' id='word_1_69' title='bbox 744 1721 879 1786; x_wconf 75' lang='grc' dir='ltr'><strong><em>οὐδὲ</em></strong></span> <span class='ocrx_word' id='word_1_70' title='bbox 922 1721 1051 1803; x_wconf 71' lang='grc' dir='ltr'><strong>γὰρ</strong></span> <span class='ocrx_word' id='word_1_71' title='bbox 1104 1723 1138 1799; x_wconf 67' lang='grc' dir='ltr'><em>ἦ</em></span> <span class='ocrx_word' id='word_1_72' title='bbox 1191 1719 1547 1807; x_wconf 70' lang='grc' dir='ltr'><strong><em>Προμάχοιο</em></strong></span> <span class='ocrx_word' id='word_1_73' title='bbox 1598 1720 1806 1802; x_wconf 87' lang='grc' dir='ltr'><strong><em>δάμαρ</em></strong></span> <span class='ocrx_word' id='word_1_74' title='bbox 1857 1720 2333 1804; x_wconf 64' lang='grc' dir='ltr'><strong>Ἀλεγηνορίδαο</strong></span> 
     </span>
     <span class='ocr_line' id='line_1_14' title="bbox 753 1826 2098 1910; baseline 0.001 -18"><span class='ocrx_word' id='word_1_75' title='bbox 753 1826 977 1907; x_wconf 76' lang='grc' dir='ltr'><strong><em>άνδρὶ</em></strong></span> <span class='ocrx_word' id='word_1_76' title='bbox 1027 1827 1241 1910; x_wconf 84' lang='grc' dir='ltr'><strong><em>Φίλῳ</em></strong></span> <span class='ocrx_word' id='word_1_77' title='bbox 1288 1827 1616 1894; x_wconf 79' lang='grc' dir='ltr'><strong><em>ἐλθόντι</em></strong></span> <span class='ocrx_word' id='word_1_78' title='bbox 1668 1828 2098 1906; x_wconf 74' lang='grc' dir='ltr'><strong><em>γανύσσεται,</em></strong></span> 
     </span>
     <span class='ocr_line' id='line_1_15' title="bbox 386 1923 2776 2018; baseline 0.003 -20"><span class='ocrx_word' id='word_1_79' title='bbox 386 1923 497 1998; x_wconf 83' lang='lat' dir='ltr'><strong>sed</strong></span> <span class='ocrx_word' id='word_1_80' title='bbox 556 1937 792 2018; x_wconf 77' lang='lat' dir='ltr'><strong>quanto</strong></span> <span class='ocrx_word' id='word_1_81' title='bbox 852 1936 1253 2000; x_wconf 75' lang='lat' dir='ltr'><strong>numerosius</strong></span> <span class='ocrx_word' id='word_1_82' title='bbox 1298 1936 1450 2000; x_wconf 84' lang='lat' dir='ltr'><strong>erit:</strong></span> <span class='ocrx_word' id='word_1_83' title='bbox 1500 1931 1578 1998; x_wconf 83' lang='grc' dir='ltr'><strong><em>ὃν</em></strong></span> <span class='ocrx_word' id='word_1_84' title='bbox 1623 1936 1870 2018; x_wconf 83' lang='grc' dir='ltr'><strong><em>Φίλον</em></strong></span> <span class='ocrx_word' id='word_1_85' title='bbox 1917 1933 2127 2015; x_wconf 69' lang='grc' dir='ltr'><strong><em>ἄνδρ’</em></strong></span> <span class='ocrx_word' id='word_1_86' title='bbox 2179 1935 2554 2005; x_wconf 76' lang='grc' dir='ltr'><strong><em>ἐλθόντα.</em></strong></span> <span class='ocrx_word' id='word_1_87' title='bbox 2623 1935 2776 2006; x_wconf 74' lang='lat' dir='ltr'><strong>Ter-</strong></span> 
     </span>
     <span class='ocr_line' id='line_1_16' title="bbox 388 2038 1231 2108; baseline 0.001 -4"><span class='ocrx_word' id='word_1_88' title='bbox 388 2039 517 2104; x_wconf 90' lang='lat' dir='ltr'><strong>tius</strong></span> <span class='ocrx_word' id='word_1_89' title='bbox 560 2038 741 2106; x_wconf 88' lang='lat' dir='ltr'><strong>locus</strong></span> <span class='ocrx_word' id='word_1_90' title='bbox 788 2047 883 2106; x_wconf 88' lang='lat' dir='ltr'><strong>est</strong></span> <span class='ocrx_word' id='word_1_91' title='bbox 936 2048 1007 2105; x_wconf 86' lang='grc' dir='ltr'>Ω</span> <span class='ocrx_word' id='word_1_92' title='bbox 1059 2038 1231 2108; x_wconf 79' lang='lat'>¹705:</span> 
     </span>
     <span class='ocr_line' id='line_1_17' title="bbox 572 2143 2146 2228; baseline 0.001 -18"><span class='ocrx_word' id='word_1_93' title='bbox 572 2143 781 2212; x_wconf 70' lang='grc' dir='ltr'><strong><em>εἴποτε</em></strong></span> <span class='ocrx_word' id='word_1_94' title='bbox 826 2146 930 2211; x_wconf 76' lang='grc' dir='ltr'><strong>κά)</strong></span> <span class='ocrx_word' id='word_1_95' title='bbox 980 2145 1259 2226; x_wconf 75' lang='grc' dir='ltr'><strong><em>ζώοντι</em></strong></span> <span class='ocrx_word' id='word_1_96' title='bbox 1308 2145 1531 2228; x_wconf 74' lang='grc' dir='ltr'><strong><em>μάχης</em></strong></span> <span class='ocrx_word' id='word_1_97' title='bbox 1580 2147 1651 2212; x_wconf 76' lang='grc' dir='ltr'><strong>ἐκ</strong></span> <span class='ocrx_word' id='word_1_98' title='bbox 1700 2147 2146 2222; x_wconf 62' lang='grc' dir='ltr'><strong><em>νοσήσαντι</em></strong></span> 
     </span>
     <span class='ocr_line' id='line_1_18' title="bbox 568 2248 2594 2338; baseline 0.001 -19"><span class='ocrx_word' id='word_1_99' title='bbox 568 2254 836 2334; x_wconf 88' lang='grc' dir='ltr'><strong><em>χαίρετ’,</em></strong></span> <span class='ocrx_word' id='word_1_100' title='bbox 885 2254 1017 2319; x_wconf 77' lang='grc' dir='ltr'><strong><em>ἐπεὶ</em></strong></span> <span class='ocrx_word' id='word_1_101' title='bbox 1068 2252 1248 2333; x_wconf 72' lang='grc' dir='ltr'><strong><em>μέγα</em></strong></span> <span class='ocrx_word' id='word_1_102' title='bbox 1292 2252 1527 2334; x_wconf 86' lang='grc' dir='ltr'><strong><em>χάρμα</em></strong></span> <span class='ocrx_word' id='word_1_103' title='bbox 1572 2253 1748 2319; x_wconf 88' lang='grc' dir='ltr'><strong><em>πόλει</em></strong></span> <span class='ocrx_word' id='word_1_104' title='bbox 1795 2253 1856 2318; x_wconf 87' lang='grc' dir='ltr'><strong>τ’</strong></span> <span class='ocrx_word' id='word_1_105' title='bbox 1905 2248 1972 2328; x_wconf 74' lang='grc' dir='ltr'><strong><em>ἦν</em></strong></span> <span class='ocrx_word' id='word_1_106' title='bbox 2022 2255 2218 2321; x_wconf 87' lang='grc' dir='ltr'><strong><em>παντί</em></strong></span> <span class='ocrx_word' id='word_1_107' title='bbox 2262 2280 2333 2321; x_wconf 84' lang='grc' dir='ltr'><strong>τε</strong></span> <span class='ocrx_word' id='word_1_108' title='bbox 2382 2255 2594 2338; x_wconf 72' lang='grc' dir='ltr'><strong><em>δήμῳ,</em></strong></span> 
     </span>
     <span class='ocr_line' id='line_1_19' title="bbox 386 2339 2774 2445; baseline 0 -19"><span class='ocrx_word' id='word_1_109' title='bbox 386 2362 500 2426; x_wconf 89' lang='lat' dir='ltr'><strong>ubi</strong></span> <span class='ocrx_word' id='word_1_110' title='bbox 562 2339 769 2426; x_wconf 69' lang='lat' dir='ltr'><strong>malo:</strong></span> <span class='ocrx_word' id='word_1_111' title='bbox 835 2359 1788 2439; x_wconf 71' lang='grc' dir='ltr'><strong><em>ζώοντα-νοσήσαντα,</em></strong></span> <span class='ocrx_word' id='word_1_112' title='bbox 1851 2380 1968 2426; x_wconf 88' lang='lat' dir='ltr'><strong>nec</strong></span> <span class='ocrx_word' id='word_1_113' title='bbox 2029 2356 2230 2426; x_wconf 84' lang='lat' dir='ltr'><strong>miror</strong></span> <span class='ocrx_word' id='word_1_114' title='bbox 2291 2360 2460 2445; x_wconf 86' lang='lat' dir='ltr'><strong>quod</strong></span> <span class='ocrx_word' id='word_1_115' title='bbox 2527 2361 2774 2427; x_wconf 89' lang='lat' dir='ltr'><strong>librarii</strong></span> 
     </span>
     <span class='ocr_line' id='line_1_20' title="bbox 384 2464 2776 2552; baseline 0.001 -21"><span class='ocrx_word' id='word_1_116' title='bbox 384 2467 501 2531; x_wconf 88' lang='lat' dir='ltr'><strong>ubi</strong></span> <span class='ocrx_word' id='word_1_117' title='bbox 523 2469 887 2551; x_wconf 63' lang='lat' dir='ltr'><strong>potuerunt</strong></span> <span class='ocrx_word' id='word_1_118' title='bbox 904 2511 923 2543; x_wconf 90' lang='lat'><em>‚</em></span> <span class='ocrx_word' id='word_1_119' title='bbox 973 2465 1163 2550; x_wconf 82' lang='lat' dir='ltr'><strong>hujus</strong></span> <span class='ocrx_word' id='word_1_120' title='bbox 1209 2464 1549 2531; x_wconf 88' lang='lat' dir='ltr'><strong>locutionis</strong></span> <span class='ocrx_word' id='word_1_121' title='bbox 1600 2467 1873 2552; x_wconf 79' lang='lat' dir='ltr'><strong>vestigia</strong></span> <span class='ocrx_word' id='word_1_122' title='bbox 1907 2464 2458 2531; x_wconf 76' lang='lat' dir='ltr'><strong>oblitteraverunt.</strong></span> <span class='ocrx_word' id='word_1_123' title='bbox 2530 2467 2776 2535; x_wconf 80' lang='lat' dir='ltr'><strong>Deinde</strong></span> 
     </span>
     <span class='ocr_line' id='line_1_21' title="bbox 387 2567 2478 2652; baseline 0 -15"><span class='ocrx_word' id='word_1_124' title='bbox 387 2572 437 2651; x_wconf 84' lang='grc' dir='ltr'><strong><em>β</em></strong></span> <span class='ocrx_word' id='word_1_125' title='bbox 488 2569 658 2637; x_wconf 66' lang='grc'><strong>2493</strong></span> <span class='ocrx_word' id='word_1_126' title='bbox 798 2568 867 2636; x_wconf 82' lang='grc' dir='ltr'><strong><em>ού</em></strong></span> <span class='ocrx_word' id='word_1_127' title='bbox 914 2567 1015 2635; x_wconf 76' lang='grc' dir='ltr'><strong><em>κέν</em></strong></span> <span class='ocrx_word' id='word_1_128' title='bbox 1062 2571 1131 2636; x_wconf 76' lang='grc' dir='ltr'><strong><em>οἱ</em></strong></span> <span class='ocrx_word' id='word_1_129' title='bbox 1178 2569 1506 2652; x_wconf 73' lang='grc' dir='ltr'><strong><em>κεχάροιτο</em></strong></span> <span class='ocrx_word' id='word_1_130' title='bbox 1553 2573 1707 2648; x_wconf 67' lang='grc' dir='ltr'><strong><em>γυνὴ</em></strong></span> <span class='ocrx_word' id='word_1_131' title='bbox 1759 2568 1944 2648; x_wconf 84' lang='grc' dir='ltr'><strong><em>μάλα</em></strong></span> <span class='ocrx_word' id='word_1_132' title='bbox 1993 2594 2106 2650; x_wconf 87' lang='grc' dir='ltr'><strong>περ</strong></span> <span class='ocrx_word' id='word_1_133' title='bbox 2151 2569 2478 2652; x_wconf 80' lang='grc' dir='ltr'><strong><em>χατέουσα</em></strong></span> 
     </span>
     <span class='ocr_line' id='line_1_22' title="bbox 775 2674 2638 2758; baseline 0.001 -17"><span class='ocrx_word' id='word_1_134' title='bbox 775 2674 1132 2755; x_wconf 65' lang='grc' dir='ltr'><strong><em>ἐλθόντ’,</em></strong></span> <span class='ocrx_word' id='word_1_135' title='bbox 1185 2676 1364 2742; x_wconf 83' lang='grc' dir='ltr'><strong><em>άλλά</em></strong></span> <span class='ocrx_word' id='word_1_136' title='bbox 1412 2700 1513 2740; x_wconf 81' lang='grc' dir='ltr'><strong>κεν</strong></span> <span class='ocrx_word' id='word_1_137' title='bbox 1562 2677 1751 2741; x_wconf 82' lang='grc' dir='ltr'><strong><em>αὑτοῦ</em></strong></span> <span class='ocrx_word' id='word_1_138' title='bbox 1800 2676 2016 2741; x_wconf 78' lang='grc' dir='ltr'><strong><em>άεικέα</em></strong></span> <span class='ocrx_word' id='word_1_139' title='bbox 2065 2676 2302 2755; x_wconf 83' lang='grc' dir='ltr'><strong><em>πότμον</em></strong></span> <span class='ocrx_word' id='word_1_140' title='bbox 2350 2680 2638 2758; x_wconf 79' lang='grc' dir='ltr'><strong><em>ἐπίσποι,</em></strong></span> 
     </span>
     <span class='ocr_line' id='line_1_23' title="bbox 388 2778 2776 2869; baseline 0.001 -19"><span class='ocrx_word' id='word_1_141' title='bbox 388 2778 797 2851; x_wconf 81' lang='lat' dir='ltr'><strong>commendo:</strong></span> <span class='ocrx_word' id='word_1_142' title='bbox 863 2782 932 2849; x_wconf 84' lang='grc' dir='ltr'><strong><em>οὔ</em></strong></span> <span class='ocrx_word' id='word_1_143' title='bbox 976 2783 1077 2847; x_wconf 81' lang='grc' dir='ltr'><strong><em>κέν</em></strong></span> <span class='ocrx_word' id='word_1_144' title='bbox 1123 2807 1174 2862; x_wconf 88' lang='grc' dir='ltr'><strong><em>μ</em></strong></span> <span class='ocrx_word' id='word_1_145' title='bbox 1192 2806 1210 2849; x_wconf 90' lang='grc' dir='ltr'><strong>ι</strong></span> <span class='ocrx_word' id='word_1_146' title='bbox 1229 2808 1259 2847; x_wconf 88' lang='grc' dir='ltr'><strong><em>ν</em></strong></span> <span class='ocrx_word' id='word_1_147' title='bbox 1280 2828 1297 2861; x_wconf 91' lang='grc'><strong><em>,</em></strong></span> <span class='ocrx_word' id='word_1_148' title='bbox 1360 2804 1439 2849; x_wconf 87' lang='lat' dir='ltr'><strong>ne</strong></span> <span class='ocrx_word' id='word_1_149' title='bbox 1498 2788 1819 2867; x_wconf 84' lang='lat' dir='ltr'><strong>praeterea</strong></span> <span class='ocrx_word' id='word_1_150' title='bbox 1881 2784 1948 2847; x_wconf 86' lang='lat' dir='ltr'><strong>in</strong></span> <span class='ocrx_word' id='word_1_151' title='bbox 2001 2782 2338 2869; x_wconf 88' lang='lat' dir='ltr'><strong>participio</strong></span> <span class='ocrx_word' id='word_1_152' title='bbox 2389 2783 2571 2851; x_wconf 84' lang='lat' dir='ltr'><strong>elisio</strong></span> <span class='ocrx_word' id='word_1_153' title='bbox 2619 2785 2776 2853; x_wconf 85' lang='lat' dir='ltr'><strong>dura</strong></span> 
     </span>
     <span class='ocr_line' id='line_1_24' title="bbox 386 2886 2772 2974; baseline 0 -17"><span class='ocrx_word' id='word_1_154' title='bbox 386 2894 491 2956; x_wconf 88' lang='lat' dir='ltr'><strong>sit.</strong></span> <span class='ocrx_word' id='word_1_155' title='bbox 564 2889 809 2957; x_wconf 88' lang='lat' dir='ltr'><strong>Deinde</strong></span> <span class='ocrx_word' id='word_1_156' title='bbox 846 2913 887 2954; x_wconf 90' lang='grc' dir='ltr'><strong><em>τ</em></strong></span> <span class='ocrx_word' id='word_1_157' title='bbox 928 2888 1063 2955; x_wconf 83' lang='grc'><strong>463</strong></span> <span class='ocrx_word' id='word_1_158' title='bbox 1105 2886 1503 2971; x_wconf 68' lang='grc' dir='ltr'><strong><em>ωεΙοχαίρω</em></strong></span> <span class='ocrx_word' id='word_1_159' title='bbox 1554 2887 2016 2963; x_wconf 75' lang='grc' dir='ltr'><strong><em>νόςησαντα</em></strong></span> <span class='ocrx_word' id='word_1_160' title='bbox 2065 2909 2259 2974; x_wconf 84' lang='lat' dir='ltr'><strong>quam</strong></span> <span class='ocrx_word' id='word_1_161' title='bbox 2307 2892 2772 2967; x_wconf 63' lang='grc' dir='ltr'><strong><em>νοσήσαντι.</em></strong></span> 
     </span>
     <span class='ocr_line' id='line_1_25' title="bbox 385 2993 2775 3083; baseline 0 -19"><span class='ocrx_word' id='word_1_162' title='bbox 385 2996 556 3065; x_wconf 85' lang='lat' dir='ltr'><strong>Fieri</strong></span> <span class='ocrx_word' id='word_1_163' title='bbox 614 3000 823 3081; x_wconf 85' lang='lat' dir='ltr'><strong>potest</strong></span> <span class='ocrx_word' id='word_1_164' title='bbox 881 3000 957 3061; x_wconf 88' lang='lat' dir='ltr'><strong>ut</strong></span> <span class='ocrx_word' id='word_1_165' title='bbox 1017 2993 1344 3060; x_wconf 87' lang='lat' dir='ltr'><strong>nonnullis</strong></span> <span class='ocrx_word' id='word_1_166' title='bbox 1400 2994 1520 3060; x_wconf 89' lang='lat' dir='ltr'><strong>hae</strong></span> <span class='ocrx_word' id='word_1_167' title='bbox 1564 2996 1952 3080; x_wconf 77' lang='lat' dir='ltr'><strong>suspiciones</strong></span> <span class='ocrx_word' id='word_1_168' title='bbox 1999 2994 2171 3059; x_wconf 87' lang='lat' dir='ltr'><strong>haud</strong></span> <span class='ocrx_word' id='word_1_169' title='bbox 2217 2998 2371 3062; x_wconf 86' lang='lat' dir='ltr'><strong>satis</strong></span> <span class='ocrx_word' id='word_1_170' title='bbox 2416 2996 2775 3083; x_wconf 86' lang='lat' dir='ltr'><strong>probabiles</strong></span> 
     </span>
     <span class='ocr_line' id='line_1_26' title="bbox 385 3100 2774 3190; baseline 0 -19"><span class='ocrx_word' id='word_1_171' title='bbox 385 3104 723 3171; x_wconf 81' lang='lat' dir='ltr'><strong>videantur</strong></span> <span class='ocrx_word' id='word_1_172' title='bbox 782 3104 999 3187; x_wconf 80' lang='lat' dir='ltr'><strong>itaque</strong></span> <span class='ocrx_word' id='word_1_173' title='bbox 1062 3101 1139 3167; x_wconf 91' lang='lat' dir='ltr'><strong>de</strong></span> <span class='ocrx_word' id='word_1_174' title='bbox 1201 3101 1423 3167; x_wconf 87' lang='lat' dir='ltr'><strong>eodem</strong></span> <span class='ocrx_word' id='word_1_175' title='bbox 1476 3122 1712 3190; x_wconf 82' lang='lat' dir='ltr'><strong>genere</strong></span> <span class='ocrx_word' id='word_1_176' title='bbox 1759 3100 1954 3168; x_wconf 87' lang='lat' dir='ltr'><strong>aliam</strong></span> <span class='ocrx_word' id='word_1_177' title='bbox 2001 3102 2508 3169; x_wconf 84' lang='lat' dir='ltr'><strong>observationem</strong></span> <span class='ocrx_word' id='word_1_178' title='bbox 2553 3106 2774 3171; x_wconf 85' lang='lat' dir='ltr'><strong>statim</strong></span> 
     </span>
     <span class='ocr_line' id='line_1_27' title="bbox 387 3205 2772 3293; baseline 0 -18"><span class='ocrx_word' id='word_1_179' title='bbox 387 3209 760 3291; x_wconf 74' lang='lat' dir='ltr'><strong>adnectam,</strong></span> <span class='ocrx_word' id='word_1_180' title='bbox 807 3207 885 3273; x_wconf 91' lang='lat' dir='ltr'><strong>de</strong></span> <span class='ocrx_word' id='word_1_181' title='bbox 930 3227 1055 3292; x_wconf 88' lang='lat' dir='ltr'><strong>qua</strong></span> <span class='ocrx_word' id='word_1_182' title='bbox 1099 3208 1199 3271; x_wconf 88' lang='lat' dir='ltr'><strong>uti</strong></span> <span class='ocrx_word' id='word_1_183' title='bbox 1244 3226 1427 3291; x_wconf 86' lang='lat' dir='ltr'><strong>spero</strong></span> <span class='ocrx_word' id='word_1_184' title='bbox 1475 3205 1728 3273; x_wconf 76' lang='lat' dir='ltr'><strong>facilius</strong></span> <span class='ocrx_word' id='word_1_185' title='bbox 1775 3207 2121 3274; x_wconf 88' lang='lat' dir='ltr'><strong>lectoribus</strong></span> <span class='ocrx_word' id='word_1_186' title='bbox 2167 3208 2571 3293; x_wconf 80' lang='lat' dir='ltr'><strong>persuadebo.</strong></span> <span class='ocrx_word' id='word_1_187' title='bbox 2645 3210 2772 3275; x_wconf 72' lang='lat' dir='ltr'><strong>Da-</strong></span> 
     </span>
     <span class='ocr_line' id='line_1_28' title="bbox 391 3310 2771 3403; baseline 0.003 -25"><span class='ocrx_word' id='word_1_188' title='bbox 391 3324 574 3391; x_wconf 68' lang='lat' dir='ltr'><strong>tmre.</strong></span> <span class='ocrx_word' id='word_1_189' title='bbox 593 3312 761 3399; x_wconf 83' lang='lat' dir='ltr'><strong>apud</strong></span> <span class='ocrx_word' id='word_1_190' title='bbox 800 3310 1155 3377; x_wconf 88' lang='lat' dir='ltr'><strong>Homerum</strong></span> <span class='ocrx_word' id='word_1_191' title='bbox 1190 3312 1402 3377; x_wconf 83' lang='grc' dir='ltr'><strong><em>ὑλάειν</em></strong></span> <span class='ocrx_word' id='word_1_192' title='bbox 1426 3320 1555 3391; x_wconf 85' lang='lat' dir='ltr'><strong>est,</strong></span> <span class='ocrx_word' id='word_1_193' title='bbox 1582 3314 1689 3378; x_wconf 86' lang='lat' dir='ltr'><strong>scd</strong></span> <span class='ocrx_word' id='word_1_194' title='bbox 1714 3313 1916 3381; x_wconf 86' lang='lat' dir='ltr'><strong>semel</strong></span> <span class='ocrx_word' id='word_1_195' title='bbox 1941 3313 2238 3380; x_wconf 80' lang='grc' dir='ltr'><strong><em>ὑλάεσθαι</em></strong></span> <span class='ocrx_word' id='word_1_196' title='bbox 2262 3314 2505 3403; x_wconf 79' lang='lat' dir='ltr'><strong>legitur</strong></span> <span class='ocrx_word' id='word_1_197' title='bbox 2525 3340 2578 3381; x_wconf 90' lang='grc' dir='ltr'><strong><em>π</em></strong></span> <span class='ocrx_word' id='word_1_198' title='bbox 2604 3316 2771 3385; x_wconf 72' lang='lat'>1622</span> 
     </span>
     <span class='ocr_line' id='line_1_29' title="bbox 590 3406 2566 3501; baseline 0.002 -18"><span class='ocrx_word' id='word_1_199' title='bbox 590 3406 740 3483; x_wconf 62' lang='grc' dir='ltr'><strong><em>ἄλλ’</em></strong></span> <span class='ocrx_word' id='word_1_200' title='bbox 788 3415 1083 3490; x_wconf 84' lang='grc' dir='ltr'><strong><em>Ὀδυσεύς</em></strong></span> <span class='ocrx_word' id='word_1_201' title='bbox 1132 3441 1199 3482; x_wconf 75' lang='grc' dir='ltr'><strong>τε</strong></span> <span class='ocrx_word' id='word_1_202' title='bbox 1250 3417 1423 3489; x_wconf 83' lang='grc' dir='ltr'><strong><em>κύνες</em></strong></span> <span class='ocrx_word' id='word_1_203' title='bbox 1469 3442 1539 3481; x_wconf 87' lang='grc' dir='ltr'><strong>τε</strong></span> <span class='ocrx_word' id='word_1_204' title='bbox 1587 3419 1706 3483; x_wconf 78' lang='grc' dir='ltr'><strong><em>Τδον</em></strong></span> <span class='ocrx_word' id='word_1_205' title='bbox 1755 3420 1868 3484; x_wconf 82' lang='grc' dir='ltr'><strong>καί</strong></span> <span class='ocrx_word' id='word_1_206' title='bbox 1911 3417 1964 3500; x_wconf 80' lang='grc' dir='ltr'><strong>ῥ’</strong></span> <span class='ocrx_word' id='word_1_207' title='bbox 2013 3421 2134 3501; x_wconf 86' lang='grc' dir='ltr'><strong><em>οὑχ</em></strong></span> <span class='ocrx_word' id='word_1_208' title='bbox 2182 3419 2566 3501; x_wconf 83' lang='grc' dir='ltr'><strong><em>ὑλάοντο,</em></strong></span> 
     </span>
     <span class='ocr_line' id='line_1_30' title="bbox 386 3521 2768 3610; baseline 0.004 -21"><span class='ocrx_word' id='word_1_209' title='bbox 386 3524 498 3590; x_wconf 84' lang='lat' dir='ltr'><strong>sed</strong></span> <span class='ocrx_word' id='word_1_210' title='bbox 559 3525 709 3610; x_wconf 81' lang='lat' dir='ltr'><strong>quia</strong></span> <span class='ocrx_word' id='word_1_211' title='bbox 768 3524 1052 3589; x_wconf 84' lang='lat' dir='ltr'><strong>activum</strong></span> <span class='ocrx_word' id='word_1_212' title='bbox 1114 3524 1372 3587; x_wconf 85' lang='lat' dir='ltr'><strong>invenio</strong></span> <span class='ocrx_word' id='word_1_213' title='bbox 1420 3546 1470 3587; x_wconf 90' lang='grc' dir='ltr'><strong><em>π</em></strong></span> <span class='ocrx_word' id='word_1_214' title='bbox 1519 3521 1594 3587; x_wconf 86' lang='lat'><strong>5:</strong></span> <span class='ocrx_word' id='word_1_215' title='bbox 1658 3524 1780 3588; x_wconf 79' lang='grc' dir='ltr'><strong><em>οὐδ’</em></strong></span> <span class='ocrx_word' id='word_1_216' title='bbox 1843 3521 2031 3589; x_wconf 77' lang='grc' dir='ltr'><strong><em>ὕλαον</em></strong></span> <span class='ocrx_word' id='word_1_217' title='bbox 2079 3524 2402 3606; x_wconf 84' lang='grc' dir='ltr'><strong><em>προσιόντα</em></strong></span> <span class='ocrx_word' id='word_1_218' title='bbox 2452 3531 2518 3593; x_wconf 82' lang='lat' dir='ltr'><strong>et</strong></span> <span class='ocrx_word' id='word_1_219' title='bbox 2563 3550 2598 3591; x_wconf 92' lang='grc' dir='ltr'><strong><em>υ</em></strong></span> <span class='ocrx_word' id='word_1_220' title='bbox 2649 3529 2768 3599; x_wconf 85' lang='lat'><strong>15:</strong></span> 
     </span>
     <span class='ocr_line' id='line_1_31' title="bbox 388 3626 2770 3717; baseline 0.003 -24"><span class='ocrx_word' id='word_1_221' title='bbox 388 3627 551 3708; x_wconf 74' lang='grc' dir='ltr'><strong><em>ἄνδρ’</em></strong></span> <span class='ocrx_word' id='word_1_222' title='bbox 602 3629 964 3705; x_wconf 71' lang='grc' dir='ltr'><strong><em>άγνοιῆσασ’</em></strong></span> <span class='ocrx_word' id='word_1_223' title='bbox 1011 3628 1219 3707; x_wconf 84' lang='grc' dir='ltr'><strong><em>ὑλάει,</em></strong></span> <span class='ocrx_word' id='word_1_224' title='bbox 1269 3626 1478 3712; x_wconf 83' lang='lat' dir='ltr'><strong>placet</strong></span> <span class='ocrx_word' id='word_1_225' title='bbox 1517 3631 1868 3717; x_wconf 82' lang='lat' dir='ltr'><strong>corrigere:</strong></span> <span class='ocrx_word' id='word_1_226' title='bbox 1908 3630 2019 3696; x_wconf 79' lang='grc' dir='ltr'><strong>καί</strong></span> <span class='ocrx_word' id='word_1_227' title='bbox 2055 3629 2107 3712; x_wconf 79' lang='grc' dir='ltr'><strong>ῥ’</strong></span> <span class='ocrx_word' id='word_1_228' title='bbox 2148 3631 2271 3712; x_wconf 86' lang='grc' dir='ltr'><strong><em>οὑχ</em></strong></span> <span class='ocrx_word' id='word_1_229' title='bbox 2321 3630 2528 3697; x_wconf 78' lang='grc' dir='ltr'><strong><em>ὕλαό</em></strong></span> <span class='ocrx_word' id='word_1_230' title='bbox 2543 3658 2574 3697; x_wconf 96' lang='grc' dir='ltr'><strong><em>ν</em></strong></span> <span class='ocrx_word' id='word_1_231' title='bbox 2612 3660 2770 3713; x_wconf 89' lang='grc' dir='ltr'><strong><em>μιν.</em></strong></span> 
     </span>
     <span class='ocr_line' id='line_1_32' title="bbox 386 3733 841 3801; baseline 0 -1"><span class='ocrx_word' id='word_1_232' title='bbox 386 3734 617 3801; x_wconf 88' lang='lat' dir='ltr'><strong>Itidem</strong></span> <span class='ocrx_word' id='word_1_233' title='bbox 667 3757 716 3798; x_wconf 93' lang='grc' dir='ltr'><strong><em>π</em></strong></span> <span class='ocrx_word' id='word_1_234' title='bbox 764 3733 841 3800; x_wconf 88' lang='lat'><strong>9:</strong></span> 
     </span>
     <span class='ocr_line' id='line_1_33' title="bbox 656 3838 2442 3925; baseline 0.001 -19"><span class='ocrx_word' id='word_1_235' title='bbox 656 3838 921 3925; x_wconf 79' lang='grc' dir='ltr'><strong><em>Εὔμαι’,</em></strong></span> <span class='ocrx_word' id='word_1_236' title='bbox 972 3838 1008 3915; x_wconf 73' lang='grc' dir='ltr'><em>ἦ</em></span> <span class='ocrx_word' id='word_1_237' title='bbox 1051 3838 1239 3919; x_wconf 90' lang='grc' dir='ltr'><strong><em>μάλα</em></strong></span> <span class='ocrx_word' id='word_1_238' title='bbox 1299 3840 1391 3913; x_wconf 83' lang='grc' dir='ltr'><strong>τίς</strong></span> <span class='ocrx_word' id='word_1_239' title='bbox 1442 3866 1532 3907; x_wconf 93' lang='grc' dir='ltr'><strong>τοι</strong></span> <span class='ocrx_word' id='word_1_240' title='bbox 1584 3842 1910 3908; x_wconf 80' lang='grc' dir='ltr'><strong><em>ἐλεύσεται</em></strong></span> <span class='ocrx_word' id='word_1_241' title='bbox 1962 3841 2159 3909; x_wconf 73' lang='grc' dir='ltr'><strong><em>ἐνθάδ’</em></strong></span> <span class='ocrx_word' id='word_1_242' title='bbox 2209 3842 2442 3923; x_wconf 79' lang='grc' dir='ltr'><strong><em>ἑταῖρος</em></strong></span> 
     </span>
     <span class='ocr_line' id='line_1_34' title="bbox 662 3943 2421 4030; baseline 0.002 -20"><span class='ocrx_word' id='word_1_243' title='bbox 662 3948 697 4025; x_wconf 79' lang='grc' dir='ltr'><strong><em>ἢ</em></strong></span> <span class='ocrx_word' id='word_1_244' title='bbox 748 3945 853 4011; x_wconf 77' lang='grc' dir='ltr'><strong>καὶ</strong></span> <span class='ocrx_word' id='word_1_245' title='bbox 900 3945 1196 4025; x_wconf 69' lang='grc' dir='ltr'><strong><em>γνώριμος</em></strong></span> <span class='ocrx_word' id='word_1_246' title='bbox 1247 3943 1480 4023; x_wconf 74' lang='grc' dir='ltr'><strong><em>ἄλλος,</em></strong></span> <span class='ocrx_word' id='word_1_247' title='bbox 1531 3948 1662 4013; x_wconf 76' lang='grc' dir='ltr'><strong><em>ἐπεὶ</em></strong></span> <span class='ocrx_word' id='word_1_248' title='bbox 1717 3948 1890 4022; x_wconf 79' lang='grc' dir='ltr'><strong><em>κύνες</em></strong></span> <span class='ocrx_word' id='word_1_249' title='bbox 1939 3950 2089 4030; x_wconf 88' lang='grc' dir='ltr'><strong><em>οὑχ</em></strong></span> <span class='ocrx_word' id='word_1_250' title='bbox 2137 3946 2421 4015; x_wconf 83' lang='grc' dir='ltr'><strong><em>ὑλάουσιν</em></strong></span> 
     </span>
     <span class='ocr_line' id='line_1_35' title="bbox 654 4053 1368 4133; baseline -0.001 -16"><span class='ocrx_word' id='word_1_251' title='bbox 654 4053 832 4118; x_wconf 71' lang='grc' dir='ltr'><strong><em>άλλοὶ</em></strong></span> <span class='ocrx_word' id='word_1_252' title='bbox 879 4053 1368 4133; x_wconf 86' lang='grc' dir='ltr'><strong><em>περισσαίνουσι,</em></strong></span> 
     </span>
     <span class='ocr_line' id='line_1_36' title="bbox 384 4157 2770 4245; baseline 0.005 -21"><span class='ocrx_word' id='word_1_253' title='bbox 384 4159 535 4245; x_wconf 82' lang='lat' dir='ltr'><strong>quia</strong></span> <span class='ocrx_word' id='word_1_254' title='bbox 596 4157 863 4225; x_wconf 80' lang='lat' dir='ltr'><strong>verbum</strong></span> <span class='ocrx_word' id='word_1_255' title='bbox 925 4160 1039 4227; x_wconf 78' lang='lat' dir='ltr'><strong>vix</strong></span> <span class='ocrx_word' id='word_1_256' title='bbox 1096 4160 1331 4245; x_wconf 83' lang='lat' dir='ltr'><strong>poterit</strong></span> <span class='ocrx_word' id='word_1_257' title='bbox 1388 4159 1630 4245; x_wconf 89' lang='lat' dir='ltr'><strong>objecto</strong></span> <span class='ocrx_word' id='word_1_258' title='bbox 1692 4180 1900 4227; x_wconf 87' lang='lat' dir='ltr'><strong>carere</strong></span> <span class='ocrx_word' id='word_1_259' title='bbox 1915 4164 1936 4239; x_wconf 83' lang='grc'><strong>,’</strong></span> <span class='ocrx_word' id='word_1_260' title='bbox 1996 4160 2207 4227; x_wconf 86' lang='lat' dir='ltr'><strong>facilis</strong></span> <span class='ocrx_word' id='word_1_261' title='bbox 2269 4166 2365 4230; x_wconf 86' lang='lat' dir='ltr'><strong>est</strong></span> <span class='ocrx_word' id='word_1_262' title='bbox 2432 4167 2770 4235; x_wconf 74' lang='lat' dir='ltr'><strong>correctiot</strong></span> 
     </span>
     <span class='ocr_line' id='line_1_37' title="bbox 387 4262 1453 4337; baseline -0.004 -6"><span class='ocrx_word' id='word_1_263' title='bbox 387 4264 519 4331; x_wconf 73' lang='grc' dir='ltr'><strong><em>ἐπεὶ</em></strong></span> <span class='ocrx_word' id='word_1_264' title='bbox 571 4263 743 4337; x_wconf 82' lang='grc' dir='ltr'><strong><em>κύνες</em></strong></span> <span class='ocrx_word' id='word_1_265' title='bbox 792 4262 863 4329; x_wconf 79' lang='grc' dir='ltr'><strong><em>οὔ</em></strong></span> <span class='ocrx_word' id='word_1_266' title='bbox 908 4262 982 4331; x_wconf 72' lang='lat'><strong>1²⁹</strong></span> <span class='ocrx_word' id='word_1_267' title='bbox 1036 4262 1453 4329; x_wconf 81' lang='grc' dir='ltr'><strong><em>ὑλάουσιν.</em></strong></span> 
     </span>
    </p>
   </div>
   <div class='ocr_carea' id='block_1_3' title="bbox 474 4440 2764 4655">
    <p class='ocr_par' dir='ltr' id='par_1_3' title="bbox 474 4440 2764 4655">
     <span class='ocr_line' id='line_1_38' title="bbox 474 4440 2764 4565; baseline -0.004 -4"><span class='ocrx_word' id='word_1_268' title='bbox 474 4450 687 4561; x_wconf 66' lang='lat' dir='ltr'><strong>Quam</strong></span> <span class='ocrx_word' id='word_1_269' title='bbox 749 4480 948 4544; x_wconf 74' lang='lat' dir='ltr'><strong>miror</strong></span> <span class='ocrx_word' id='word_1_270' title='bbox 1008 4476 1069 4545; x_wconf 84' lang='lat' dir='ltr'>N</span> <span class='ocrx_word' id='word_1_271' title='bbox 1072 4476 1374 4544; x_wconf 62' lang='lat' dir='ltr'><strong>auckium</strong></span> <span class='ocrx_word' id='word_1_272' title='bbox 1396 4440 1401 4445; x_wconf 83' lang='lat'>-</span> <span class='ocrx_word' id='word_1_273' title='bbox 1421 4478 1529 4565; x_wconf 83' lang='lat' dir='ltr'><strong>qui</strong></span> <span class='ocrx_word' id='word_1_274' title='bbox 1582 4485 1635 4541; x_wconf 89' lang='lat' dir='ltr'>H</span> <span class='ocrx_word' id='word_1_275' title='bbox 1686 4476 1772 4548; x_wconf 82' lang='lat'><strong>¹72</strong></span> <span class='ocrx_word' id='word_1_276' title='bbox 1819 4499 1932 4565; x_wconf 87' lang='lat' dir='ltr'><strong>pro</strong></span> <span class='ocrx_word' id='word_1_277' title='bbox 1977 4478 2289 4547; x_wconf 86' lang='lat' dir='ltr'><strong>librorum</strong></span> <span class='ocrx_word' id='word_1_278' title='bbox 2335 4478 2605 4550; x_wconf 84' lang='lat' dir='ltr'><strong>lectione</strong></span> <span class='ocrx_word' id='word_1_279' title='bbox 2651 4484 2764 4551; x_wconf 82' lang='grc' dir='ltr'><strong>δα·</strong></span> 
     </span>
     <span class='ocr_line' id='line_1_39' title="bbox 2422 4602 2488 4655; baseline 0 0"><span class='ocrx_word' id='word_1_280' title='bbox 2422 4602 2488 4655; x_wconf 76' lang='lat'><strong>24</strong></span> 
     </span>
    </p>
   </div>
  </div>
 </body>
</html>
