3414 5158
603 385 646 452 6
1584 399 2013 451 memmius.

688 566 753 634 11
807 566 873 653 2,
922 567 963 633 6
1009 563 1277 645 Κθμοδος
1325 566 1442 644 μὲν
1488 566 1633 643 ἡμῖν
1682 566 1712 629 ὅ
1758 563 2065 644 βασιλεὺς
2114 562 2392 640 τέθνηκεν
2446 564 2849 650 ἀποπληξίᾳ·
2902 603 2987 618 -—

599 673 772 753 βιοὺς
832 675 898 740 δὲ
957 676 1035 747 ὥς
1099 675 1206 739 οὐκ
1262 674 1550 751 ἀγνοεῖτε
1574 720 1590 748 ,
1658 671 1774 737 ὑπὸ
1835 671 2199 746 πλήθους
2248 672 2620 750 ἀποπνιγεὶς
2670 671 2987 754 διεφθάρη.

597 780 744 848 Nisi
803 779 967 848 forte
1023 779 1264 847 excidit
1323 777 1679 857 ἐδεσμάτων
1744 783 1857 844 eut
1905 777 2119 844 simile
2164 777 2320 864 quid
2339 827 2357 862 ,
2408 780 2619 844 nescio
2665 800 2744 846 en
2792 781 2990 846 corri-

597 886 884 976 gendum
943 888 1032 952 sit
1091 885 1206 951 ὑπὸ
1269 892 1742 963 πλησμονῆς
1790 883 1898 951 vel
1946 884 2062 951 ὑπὸ
2111 885 2581 966 πληθώρας,
2634 906 2759 971 quo
2806 906 2991 953 voee-

598 993 752 1060 bulo
806 993 1042 1059 medici
1101 993 1406 1059 notabant
1467 993 1743 1057 nimiam
1787 992 2121 1080 sanguinis
2175 997 2241 1058 ct
2288 993 2462 1058 succi
2511 985 2989 1059 abundantiam.

597 1099 683 1166 Et
749 1100 912 1166 hanc
983 1098 1240 1186 quidem
1311 1099 1763 1165 correctionem
1833 1100 2058 1163 ceteris
2121 1100 2439 1184 praestare
2501 1098 2802 1165 arbitror:
2872 1098 2988 1166 ὑπὸ

599 1230 650 1272 π
665 1220 705 1273 λ
724 1230 758 1281 η
775 1208 804 1272 θ
823 1206 866 1271 ὥ
879 1230 910 1287 ρ
929 1229 972 1270 α
990 1229 1020 1279 ς
1067 1204 1438 1283 ἀποπνιγεὶς
1488 1202 1803 1285 διεφθάρη.

687 1311 761 1381 II
809 1311 866 1390 3,
923 1311 966 1376 4
1025 1311 1122 1377 σοί
1164 1334 1236 1377 τε
1281 1317 1393 1384 τῆς
1441 1310 1645 1392 ἄρκῆς
1693 1315 2081 1390 παραχωρῶ,
2131 1309 2235 1375 καὶ
2284 1315 2501 1376 πᾶσαν
2548 1311 2661 1386 την
2708 1310 2987 1388 ἐξουσίαν

598 1416 722 1496 ἐγὼ
785 1415 890 1482 καὶ
941 1419 994 1482 ol
1041 1416 1236 1482 λοιποὶ
1285 1415 1518 1489 πάντες
1570 1413 2046 1498 ψηφίζομέν
2094 1437 2184 1480 σοι
2227 1414 2509 1490 διδόντες.
2602 1416 2989 1484 Rectissime

599 1523 805 1589 editor
867 1543 991 1589 non
1049 1525 1290 1609 recepit
1347 1522 1654 1609 Stephani
1714 1524 2140 1588 coniecturam
2188 1528 2242 1605 ψ
2264 1529 2402 1605 ηφι
2418 1522 2459 1604 ζ
2471 1523 2502 1589 ό
2515 1548 2566 1603 μ
2586 1549 2616 1590 ε
2635 1525 2664 1589 θ
2684 1549 2762 1604 α,
2810 1525 2988 1592 eliud

597 1629 794 1696 latere
851 1629 1247 1717 intellegens.
1343 1629 1507 1695 Mihi
1566 1648 1694 1695 non
1744 1628 2107 1715 displiceret
2152 1630 2251 1695 ὥσ
2271 1653 2370 1708 με
2391 1630 2456 1696 νί
2473 1629 2513 1712 ζ
2526 1631 2717 1710 ομέν
2764 1655 2854 1698 σοι
2902 1632 2988 1698 δι-

598 1734 837 1814 δόντες,
883 1739 929 1802 i.
977 1756 1034 1802 e.
1081 1733 1338 1812 ασμενοί
1391 1759 1479 1801 σοι
1529 1734 1796 1813 δίδομεν.

687 1839 752 1907 Π
799 1838 862 1918 3,
912 1839 953 1905 6
1015 1839 1152 1918 ἐμοὶ
1216 1842 1278 1906 δὲ
1345 1845 1558 1905 ταῦτα
1619 1839 1891 1919 μεγαλα
1951 1840 2102 1906 ὄντα
2165 1841 2272 1907 καὶ
2334 1840 2625 1924 ἐξαίρετα
2684 1854 2870 1921 τιμῆς
2914 1869 2985 1910 τε

598 1946 980 2022 αισθησει
1029 1944 1404 2021 έκπληττει,
1456 1944 1581 2017 δέος
1630 1969 1700 2010 τε
1752 1945 1858 2009 καὶ
1908 1949 2126 2023 ἀγῶνα
2164 1949 2229 2011 οὗ
2270 1948 2480 2026 μικρὸν
2518 1948 2779 2024 ἐμποιεῖ.
2828 1948 2990 2016 Pru-

597 2052 817 2119 denter
875 2051 1081 2118 editor
1140 2051 1490 2135 „oeiconio-se]
1557 2048 1835 2125 αἴσθησιν
1896 2053 2150 2136 scripsit
2196 2049 2487 2138 Bekker3
2535 2053 2691 2119 haec
2738 2073 2989 2142 quoque

597 2163 891 2243 corrupte
937 2155 1156 2243 put0.”
1248 2156 1372 2222 Pro
1420 2156 1697 2231 αἰσθήσει
1748 2175 1874 2221 non
1922 2156 2148 2223 dubito
2195 2159 2351 2242 quin
2398 2159 2867 2226 emendandum
2904 2163 2991 2228 sit

597 2263 910 2348 ἀηθείᾳ.
960 2262 1238 2348 Reliqua
1281 2265 1371 2328 sic
1418 2262 1910 2350 redintegranda
1955 2283 2092 2328 esse
2130 2265 2450 2349 suspicor:
2494 2265 2627 2342 ἐμοὶ
2670 2265 2733 2330 δὲ
2770 2271 2989 2332 ταῦτα

593 2369 866 2449 μεγάλα
914 2367 1064 2434 ὄντα
1112 2368 1218 2434 καὶ
1267 2366 1557 2449 ἐξαίρετα
1595 2375 1782 2444 τιμῆς
1828 2377 1921 2450 τῇ
1962 2368 2260 2452 ἀηθείᾳ
2298 2369 2826 2450 ἐκπλαγέντι
2862 2373 2989 2447 δέος

594 2498 667 2541 τε
729 2474 835 2540 καὶ
903 2474 1121 2553 ἀγῶνα
1186 2475 1252 2540 οὐ
1315 2476 1525 2555 μικρὸν
1587 2475 1867 2559 ἐμποιεῖ,
1916 2473 2026 2541 scd
2072 2472 2209 2540 fieri
2255 2479 2465 2561 potest
2508 2483 2586 2542 ut
2633 2479 2851 2545 verius
2900 2480 2985 2546 sit

595 2581 1091 2663 έκπληττομένῳ.

684 2690 757 2756 Π
805 2688 868 2769 6,
920 2690 963 2755 4
1026 2688 1461 2770 προεκήρυττον
1521 2686 1682 2754 ὤνιον
1739 2690 1849 2763 την
1910 2687 2287 2766 βασιλείαν,
2337 2691 2421 2772 τῷ
2467 2714 2536 2757 τε
2584 2690 2828 2759 πλέον
2878 2692 2985 2779 (sl.

593 2798 835 2881 πλεῖον)
893 2796 1174 2876 ἀργύριον
1239 2793 1483 2859 δώσοντι
1547 2794 1882 2875 ἐγχειριεῖν
1946 2793 2352 2873 ὑπισχνοῦντο
2417 2796 2527 2870 την
2591 2799 2794 2881 ἀρχὴν
2854 2798 2987 2865 κτέ.

592 2902 737 2968 Imo
784 2921 934 2968 vero
983 2908 1353 2970 πλεῖς-ον.

685 3007 757 3073 Π
808 3005 869 3086 6,
923 3005 1004 3072 11
1056 3007 1163 3072 καὶ
1211 3005 1332 3080 τὰς
1381 3004 1604 3071 ἐκείνου
1657 3002 1891 3080 εἰκόνας
1940 3007 2549 3083 αποκαταςῆσαντες
2598 3010 2988 3090 προπέμπειν

593 3114 624 3177 έ
643 3137 738 3179 πε
758 3135 821 3192 ιρ
839 3113 881 3177 ὦ
901 3137 929 3177 ν
947 3136 1052 3178 το.
1099 3110 1545 3179 Mendelssohn
1587 3112 1946 3193 ηἐπειρῶντο
1987 3112 2154 3178 mihi
2194 3112 2531 3180 dubium.”
2577 3114 2739 3183 Vide
2761 3121 2981 3185 tamen

593 3223 845 3305 praeter
888 3218 996 3284 111
1048 3217 1151 3295 15,
1206 3218 1268 3297 1,
1316 3216 1429 3283 ubi
1479 3217 1684 3283 editor
1730 3219 2001 3285 verbum
2048 3220 2403 3286 insiticium
2449 3227 2655 3306 putet,
2702 3221 2899 3298 1111,
2935 3223 2974 3288 7

594 3326 907 3408 χρήματα
974 3325 1044 3399 δὴ
1113 3360 1194 3374 -
1244 3326 1314 3389 έκ
1380 3323 1677 3401 δημοσίων
1740 3323 1844 3389 καὶ
1910 3326 2075 3405 ἱερῶν
2138 3325 2340 3391 τόπων
2401 3326 2787 3407 λαμβάνων.
2854 3336 2981 3404 τοῖς

592 3433 961 3512 ςρατιώταις
1007 3429 1312 3509 διανέμειν
1360 3430 1787 3513 ἐπειρᾶτο,
1836 3432 1915 3503 ὥς
1964 3428 2040 3496 ἂν
2090 3432 2386 3508 κτήσαιτο
2434 3434 2545 3509 τὴν
2593 3434 2827 3501 εὔνοιαν
2873 3437 2984 3502 αὖ·

591 3542 732 3603 τῶν.
780 3528 834 3602 οἳ
883 3536 984 3616 δὲ,
1033 3537 1233 3603 καίτοι
1279 3534 1548 3615 μεγαλα
1595 3534 2070 3615 λαμβάνοντες,
2117 3538 2304 3619 χάριν
2355 3540 2461 3605 οὐκ
2510 3538 2766 3623 ᾔδεσαν,
2814 3541 2981 3607 unde

590 3648 852 3729 apparet
911 3643 1204 3730 ineptum
1264 3642 1445 3710 verbi
1505 3662 1698 3708 usum
1761 3662 1887 3709 non
1960 3642 2244 3711 librariis
2262 3692 2279 3708 .
2346 3645 2456 3711 sed
2516 3646 2641 3730 ipsi
2687 3645 2981 3731 scriptori

591 3749 1004 3817 tribuendum
1053 3769 1209 3816 esse.
1259 3747 1483 3816 Verte:
1528 3752 1739 3832 parati
1784 3756 1977 3815 οναιιι.

679 3856 752 3921 Π
798 3854 861 3934 8,
913 3854 954 3920 2
1016 3864 1128 3931 τῆς
1193 3856 1308 3933 μὲν
1367 3856 1519 3933 ἐμῆς
1570 3854 1821 3934 γνώμης
1868 3854 1939 3921 τὸ
1986 3858 2179 3936 πρᾶον
2226 3856 2333 3921 καὶ
2386 3854 2529 3935 πρὸς
2577 3856 2665 3922 τὰ
2710 3854 2981 3935 μεγάλα

590 3966 708 4025 τῶν
769 3960 1412 4039 τετολμημένων
1475 3961 1750 4041 εὐλαβὲς
1811 3960 1951 4035 ἴσως
2015 3961 2140 4031 έςὶν
2205 3962 2349 4040 ὑμῖν
2397 3960 2607 4028 πάλαι
2655 3964 2977 4045 γνωρίμον.

590 4066 869 4153 Requiro
915 4066 1476 4146 τολμωμένων.
1523 4063 1620 4132 Of.
1669 4066 1742 4132 H
1793 4066 1901 4153 14,
1952 4066 1993 4133 2
2044 4072 2110 4135 et
2155 4067 2250 4134 III
2301 4066 2410 4155 12,
2454 4068 2517 4135 2.

683 4172 753 4237 11
801 4172 863 4252 9,
916 4175 957 4239 6
1017 4176 1183 4255 αὐτῷ
1252 4173 1314 4239 δὲ
1377 4172 1645 4245 ἄλλως
1695 4172 1871 4241 {esve
1922 4172 2217 4241 ὑποδῦναί
2250 4172 2334 4241 ’τε
2382 4177 2570 4243 αὐτὸν
2616 4175 2747 4263 (τὸν
2796 4173 2982 4241 ἵππον

591 4276 704 4367 sc.)
753 4279 885 4344 κτὲ.
954 4279 1369 4366 Repudianda
1406 4283 1503 4345 est
1539 4276 1806 4346 Gedikii
1845 4284 1911 4346 et
1950 4279 2254 4349 Mueller-i
2291 4286 2650 4350 coniectura
2688 4276 2732 4346 οἷ
2749 4304 2789 4345 σ
2806 4304 2846 4345 σ
2864 4304 2891 4346 ο
2912 4304 2943 4345 ν
2960 4330 2981 4367 ,

589 4402 742 4449 nem
811 4404 1015 4472 neque
1085 4388 1516 4479 comperetivo
1583 4383 1763 4451 locus
1839 4389 1936 4452 est
2009 4408 2213 4473 neque
2289 4388 2409 4456 hac
2470 4390 2677 4455 forma
2734 4388 2983 4474 poetica

589 4490 800 4556 utitur
857 4490 1279 4560 Herodianus.
1371 4490 1442 4559 Si
1509 4492 1718 4579 igitur
1772 4511 1846 4558 ea
1906 4511 2032 4561 vox
2090 4500 2385 4580 corrupte
2444 4500 2572 4580 est,
2638 4496 2750 4563 vix
2795 4493 2983 4562 aliter
