3414 5158
647 223 778 292 122
1309 247 1317 254 ·
1728 245 1930 310 inus.

731 421 793 480 N
843 410 974 480 '754
1025 411 1262 480 dicitur
1307 411 1385 478 de
1429 412 1747 480 Hectore:
1795 485 1801 490 ,
1850 413 1855 419 “

993 517 1087 586 Ἥ
1135 525 1251 602 ῥα,
1298 520 1404 584 καὶ
1453 520 1735 599 ὡρμήθη,
1780 516 1949 600 ὄρεϊ
1993 518 2361 600 νιφόεντι
2411 517 2651 604 ἐοικώς,

1008 626 1367 710 κεκληγώς,
1414 626 1516 692 διά
1567 626 1632 691 δὲ
1680 625 1899 703 Τρώων
1946 625 2161 690 πέτετ’
2210 626 2299 700 ἧδ’
2350 624 2695 703 ἐπικούρων.

735 731 1028 798 Veterem
1093 730 1518 798 Scholiastam
1577 734 1634 796 si
1697 732 2049 816 audimus,¹
2081 739 2266 819 poeta
2308 731 2379 796 τὸ
2427 729 2637 812 ἄγριον
2687 733 2934 798 αὐτοῦ
2990 729 3108 796 καὶ

642 837 906 921 Φοβερὸν
951 837 1064 918 ὄρει
1113 838 1469 921 παρεικάζει
1518 840 1680 921 χιόνι
1730 838 2214 920 κεκαλυμμένῳ·
2250 841 2322 905 τὸ
2360 838 2487 919 γάρ
2527 837 2767 920 ἄνιφον
2818 838 3107 908 πάντως

645 945 751 1012 καὶ
828 943 1042 1027 ἥμερον
1073 945 1145 1032 “).
1238 944 1312 1012 Si
1379 948 1524 1031 quis
1595 948 1663 1011 in
1724 950 1941 1012 monte
2002 949 2152 1012 nive
2214 951 2385 1012 tecto
2446 951 2513 1012 et
2570 945 2803 1034 glacie
2866 945 3105 1033 rigido

641 1057 968 1139 versatur,
1033 1053 1186 1119 huic
1241 1072 1391 1119 sane
1457 1071 1618 1137 quae
1681 1050 1893 1118 oculis·
1925 1054 2219 1138 proxima
2266 1073 2335 1118 se
2381 1051 2564 1119 offert
2608 1053 2891 1137 species
2944 1051 3103 1116 hor-

641 1179 850 1225 rorem
922 1161 1158 1226 incutit
1176 1205 1193 1237 ,
1261 1157 1370 1224 sed
1427 1160 1817 1244 quicumque
1876 1179 1913 1224 e
1972 1157 2322 1246 long-inquo
2386 1157 2701 1224 eiusmodi
2754 1163 3097 1224 montem

642 1267 976 1351 conspicit,
1043 1265 1196 1332 huic
1257 1264 1523 1352 pulcher
1586 1265 1845 1332 videtur
1892 1269 1973 1330 -et
2032 1270 2370 1352 augustus.
2464 1263 2685 1351 Longe
2750 1263 2919 1329 alia
2990 1267 3095 1328 est

641 1374 806 1438 ratio
867 1370 1188 1451 locorum,
1255 1369 1462 1458 qualis
1521 1376 1619 1438 est
1681 1369 1800 1436 od.
1858 1393 1878 1435 ι
1929 1369 2079 1451 190,
2130 1371 2246 1438 ubi
2290 1371 2369 1438 de
2412 1372 2686 1438 immani
2734 1369 3093 1458 Cyclopis

641 1481 887 1546 statura
935 1477 1256 1566 legimus:

1007 1584 1112 1650 καὶ
1163 1585 1290 1666 γὰρ
1338 1584 1527 1662 θαῦμ’
1575 1583 1866 1650 ἐτέτυκτο
1914 1584 2233 1664 πελώριον·
2284 1583 2415 1650 οὐδὲ
2463 1581 2629 1664 ἐῴκει

951 1707 958 1712 “
1006 1690 1178 1772 άνδρί
1219 1716 1300 1770 γε
1350 1689 1719 1776 σιτοφάγῳ,
1769 1693 1945 1756 άλλὰ
1992 1691 2093 1774 ῥίῳ
2139 1691 2382 1766 ὑλήεντι

1009 1799 1262 1877 ὑψηλῶν
1311 1796 1522 1884 ὀρέων,
1569 1793 1672 1863 ὅτε
1720 1797 2020 1878 φαίνεται
2067 1793 2183 1863 οἷον
2230 1797 2346 1862 ἀπ’
2398 1795 2607 1862 ἄλλων

641 1909 756 1971 aut
800 1903 878 1970 de
925 1909 1106 1971 vasto
1153 1911 1219 1970 et
1259 1923 1512 1989 procero
1556 1923 1811 1989 corpore
1849 1905 2065 1970 uxoris
2106 1904 2441 1989 Antiphati
2460 1951 2477 1982 ‚
2519 1903 3068 1992 Laestrygonum

642 2011 818 2098 regis
865 2035 903 2075 κ
955 2008 1085 2075 112

2076 2117 2188 2190 την
2236 2114 2298 2182 δὲ
2348 2125 2625 2197 γυναῖκα

919 2218 1109 2301 εἶδον,
1157 2218 1299 2296 ὅσην
1345 2221 1406 2285 τ’
1453 2224 1608 2301 ὄρεος
1656 2223 1959 2304 κορυφήν,
2008 2223 2179 2288 κατά
2228 2223 2281 2288 δ’
2332 2222 2552 2301 {evron
2598 2223 2796 2297 αὐτην

645 2348 850 2413 neque
915 2329 1173 2394 omnino
1234 2327 1297 2391 in
1363 2332 1496 2394 toto
1543 2329 1827 2394 Homero
1872 2349 2075 2415 neque
2121 2329 2289 2414 apud
2322 2329 2496 2406 ,alios
2542 2329 2905 2414 quidquam
2958 2346 3059 2392 re·

647 2435 823 2519 perio
870 2433 1036 2519 quod
1083 2434 1246 2500 hanc
1291 2434 1783 2500 similitudinem
1836 2434 1991 2500 satis
2034 2437 2200 2500 tueri
2244 2455 2427 2520 posse
2472 2435 2786 2502 videatur.

731 2539 948 2607 Multo
1013 2561 1162 2608 vero
1225 2541 1434 2630 magis
1489 2546 1847 2628 suspectam
1898 2540 2062 2607 mihi
2108 2541 2384 2607 reddunt
2428 2547 2709 2609 veterem
2757 2543 3051 2628 scriptu-

641 2668 778 2713 ram
829 2668 992 2733 quae
1038 2649 1233 2715 verba
1278 2650 1554 2735 imagini
1600 2636 1935 2713 coniuncta
1986 2650 2337 2733 reperimus
2383 2649 2621 2729 ὡρμήθη
2643 2696 2659 2725 ,
2710 2646 3043 2726 κεκληγώς

637 2759 704 2819 et
765 2753 1035 2831 πέτετο,
1099 2756 1316 2820 omnia
1375 2757 1466 2820 sic
1513 2760 1879 2839 comparata
1926 2760 1999 2819 ut
2046 2774 2265 2821 eorum
2315 2760 2639 2821 auctorem
2686 2755 3045 2822 Hectorem

637 2879 763 2925 non
825 2866 1007 2925 monti
1065 2861 1202 2923 nive
1267 2867 1414 2923 teoto
1433 2909 1451 2944 ‚
1517 2860 1624 2926 sed
1673 2860 1776 2924 avi
1824 2861 2013 2924 alicui
2062 2862 2270 2944 rapaci
2316 2882 2713 2948 comparasse
2756 2866 3043 2949 suspice-

637 2986 804 3031 mur.
901 2964 1046 3050 Ipsa
1091 2985 1242 3031 vera
1288 2966 1482 3032 verba
1527 2967 1763 3050 quibus
1810 2987 1965 3033 usus
2010 2972 2105 3033 est
2152 2973 2323 3033 certa
2370 2970 2731 3034 coniectura
2778 2968 3038 3053 assequi

637 3072 872 3137 frustra
941 3076 1202 3136 conatus
1266 3091 1431 3136 sum.
1525 3070 1757 3137 Paucis
1820 3074 1989 3137 enim
2009 3118 2026 3149 ‚
2086 3078 2185 3137 sat
2247 3076 2411 3151 scio,
2476 3074 2903 3159 persuadebO,
2978 3074 3040 3137 si

635 3176 868 3243 collato
917 3175 1032 3242 od.
1083 3202 1112 3241 ν
1163 3176 1250 3245 87
1297 3178 1704 3243 scribendum
1754 3196 2177 3264 proposuero:

999 3280 1036 3359 ἦ
1081 3285 1198 3367 ῥα,
1249 3284 1354 3348 καὶ
1403 3286 1641 3364 ὡρμήθη
1691 3284 1926 3365 κίρκῳ
1975 3280 2195 3364 ἴρηκι
2247 3286 2444 3359 ἐοικὼς
2492 3288 2620 3351 κτὲ.

639 3388 962 3471 Quaerant
1006 3388 1500 3477 ingeniosiores1

732 3612 774 3671 Ξ
837 3600 925 3667 90
992 3599 1257 3689 Ulysses
1325 3601 1403 3667 ad
1474 3603 2025 3688 Agamemnonem
2048 3651 2066 3685 ,
2130 3624 2276 3667 cum
2338 3603 2446 3668 hie
2509 3603 2896 3689 despondens
2962 3606 3029 3669 iu

640 3708 974 3777 Graeciam
1023 3708 1224 3773 redire
1269 3728 1338 3773 se
1384 3706 1551 3775 velle
1598 3707 1901 3792 dixisset,
1922 3755 1929 3760 -
1949 3708 2051 3774 his
2098 3712 2306 3773 utitur
2352 3712 2595 3775 verbis:

911 3814 1107 3893 σίγα,
1159 3815 1262 3893 μή
1312 3815 1434 3887 τίς
1487 3811 1548 3878 τ’
1600 3812 1858 3889 ἄλλος
1908 3821 2186 3896 Ἀχαιῶν
2236 3820 2450 3880 τοῦτον
2492 3815 2723 3897 άκούση

909 3923 1118 4001 μῦθον,
1167 3916 1229 3985 ὃν
1279 3918 1347 3985 οὔ
1392 3944 1494 3985 κεν
1543 3920 1690 4001 άνηρ
1738 3946 1817 3998 γε
1866 3921 1967 3985 διὰ
2020 3919 2232 3999 στόμα
2280 3919 2556 3997 πάμπαν
2606 3921 2845 4000 ἄγοιτο.

725 4028 788 4095 Ν
792 4028 1095 4095 auckium
1145 4047 1269 4092 non
1316 4025 1511 4090 latuit
1558 4028 1626 4089 in
1671 4029 1881 4111 priore
1928 4047 2115 4094 versu
2153 4028 2303 4093 ferri
2348 4048 2472 4093 non
2512 4048 2694 4113 posse
2736 4028 3030 4095 voculam

709 4280 762 4343 l)
809 4278 867 4327 In
905 4276 1086 4326 scholio
1137 4274 1220 4323 BL
1274 4272 1388 4336 πρὸς
1429 4270 1482 4321 δὶ
1532 4271 1735 4334 μέγεθος
1788 4273 1817 4331 ἥ
1855 4274 2005 4334 εἰκών,
2024 4272 2153 4327 'fix-s?
2188 4277 2250 4327 τὸ
2286 4274 2389 4342 ’ὄρος
2430 4276 2656 4337 ἀκίνητόν
2694 4273 2797 4341 &qm
2833 4276 3029 4347 periisse

635 4365 858 4415 videntur
893 4363 1034 4413 verba
1066 4360 1150 4413 καὶ
1187 4362 1307 4425 πρὸς
1345 4361 1406 4412 τὸ
1443 4360 1694 4425 ἀκίνητον,
1733 4369 1816 4415 sut
1852 4365 2047 4431 aliquid·
2067 4366 2312 4418 eiusmodi.

3296 4021 3321 4399 *Quo-vm
