3414 5158
703 371 834 437 110
1721 392 2058 443 Annuus.

791 558 967 623 XIII.
1037 558 1109 623 9:
1178 556 1403 635 Λάμια
1451 560 1484 633 ἦ
1533 560 1793 633 Ἀττικὴ
1844 558 2057 637 ἑταίρα
2104 554 2275 622 εἶπεν
2304 578 2319 594 ·
2374 558 2453 622 Οἱ
2506 558 2573 623 ἐκ
2620 564 2733 632 τῆς
2782 556 3095 630 Ἑλλοὶδος

699 666 938 738 λέοντες
988 665 1047 728 ἕν
1101 662 1349 746 Ἐφέσῳ
1401 662 1739 743 γεγόνασιν
1786 665 2131 736 ἀλώπεκες.

787 772 958 837 Fieri
1020 776 1230 858 potest
1290 775 1364 835 ut
1425 770 1650 837 Lamia
1709 791 1958 857 quoque
2021 773 2115 837 ita
2172 770 2440 849 dixerit,
2505 770 2613 836 sed
2669 769 2899 836 multis
2944 775 3097 836 ante

697 879 988 944 Lamiam
1036 880 1216 944 annis
1262 879 1511 944 iocosus
1557 878 1634 944 de
1681 876 2198 944 Lacedaemoniis
2236 876 2593 944 versiculus
2630 877 2931 943 omnibus
2954 882 3095 943 eret

697 988 768 1049 in
813 1006 954 1051 ore:

1200 1089 1342 1157 οἴκοι
1388 1090 1668 1175 λέοντες,
1720 1092 1780 1155 ἐν
1830 1090 2077 1172 Ἐφέσῳ
2126 1090 2177 1156 δ’
2224 1090 2569 1163 ἀλώπεκες.

795 1197 1253 1285 Aristophanes
1299 1200 1369 1263 in
1415 1198 1570 1263 Pace
1615 1219 1709 1266 vs.
1764 1196 1973 1263 1154:

1407 1305 1618 1369 πολλὰ
1666 1305 1793 1384 γὰρ
1840 1304 1909 1382 δή
1958 1304 2031 1383 μ’
2072 1303 2365 1381 ἠδίκησαν

1405 1408 1569 1482 ὄντες
1619 1408 1763 1475 οἶκοι
1811 1412 1926 1489 μὲν
1972 1410 2213 1483 λέοντες
2237 1458 2255 1489 ,

1404 1517 1465 1580 ἐν
1511 1515 1700 1598 μαχῇ
1748 1515 1800 1581 δ’
1850 1516 2193 1588 ἀλώπεκες.

791 1624 982 1710 Apud
1022 1621 1442 1688 Plutarchum
1490 1624 1558 1687 in
1603 1645 1855 1707 compar.
1905 1622 2210 1708 Ιςιχεαηῶνί
2256 1645 2383 1687 oum
2416 1623 2586 1687 Sulla
2610 1622 2821 1688 editur
2842 1642 2978 1708 cap.
3008 1620 3085 1691 3:

698 1729 1077 1817 (Lysander)
1129 1730 1178 1794 εἷ
1228 1729 1300 1803 δή
1347 1754 1440 1804 τις
1492 1728 1684 1803 ἄλλος
1735 1730 2137 1810 ἐκπεφευγὼς
2186 1730 2355 1795 τουτὶ
2406 1731 2475 1794 τὸ
2530 1730 2856 1811 περίακτον

1193 1834 1337 1901 οἶκοι
1384 1835 1660 1911 λέοντες,
1712 1836 1773 1899 ἕν
1820 1836 2084 1917 ὑπαίθρῳ
2134 1834 2190 1901 δ’
2242 1836 2582 1909 ἀλώπεκες.

702 1943 1106 2028 perspicuum
1159 1948 1255 2007 est
1303 1941 1624 2007 emendari
1663 1949 1987 2027 oportere:
2037 1941 2206 2006 τουτὶ
2250 1943 2317 2006 τὸ
2369 1950 2775 2024 περιΒΟῙ-Ῑτον
2800 1965 2817 1981 ·

1170 2047 1311 2112 οἴκοι
1361 2048 1635 2125 λέοντες,
1685 2048 1745 2112 ἒν
1792 2056 2113 2113 ΕΦΕΟΩῙ
2162 2048 2213 2113 δ’
2260 2044 2604 2122 ἀλώπεκες.

793 2261 973 2327 ΧΙῙΙ.
1049 2261 1163 2327 11:
1235 2261 1548 2347 (Isocratis
1611 2262 1803 2325 oratio
1866 2260 2258 2347 Pameqyrica)
2326 2267 2555 2341 πρῶτον
2618 2263 2732 2340 μὲν
2780 2262 3086 2329 Φίλιππον

703 2368 801 2431 ἐπὶ
869 2369 978 2444 τὴν
1043 2366 1265 2432 Ἀσίαν
1324 2368 1616 2442 α’νέςησεν
1642 2389 1657 2406 ·
1707 2366 2111 2441 ἀποθανόντος
2162 2369 2213 2431 δ’
2262 2367 2485 2433 ἐκείνου
2534 2366 2934 2449 Ἀλέξανδρον
2982 2371 3087 2434 τὸν

703 2474 824 2539 υἱὸν
888 2474 1076 2540 αὐτοῦ
1142 2480 1257 2538 τῶν
1320 2472 1611 2555 πατρῴων
1657 2474 2017 2554 κληρονόμον
2064 2475 2173 2549 τὴν
2220 2474 2403 2553 ὁρμὴν
2450 2475 2560 2549 τὴν
2608 2480 2714 2539 τοῦ
2772 2474 3085 2541 Φιλίππου

704 2581 1097 2660 διαδέξασθαι
1147 2581 1630 2662 παρεσκεύασεν.

795 2689 1052 2756 Excidit
1095 2689 1324 2756 vocula
1369 2692 1719 2755 sententiae
1769 2709 2024 2774 prorsus
2072 2691 2443 2756 necessaria.
2540 2690 2693 2779 Leg.
2740 2729 2823 2739 —
2874 2705 3084 2770 κληρο-

704 2795 880 2874 νόμον
931 2806 1072 2864 KAI
1124 2802 1234 2869 τὴν
1283 2797 1467 2875 ὁρμὴν
1519 2834 1602 2844 -
1651 2793 2070 2872 διαδέξασθαι.
2164 2797 2364 2860 Etiam
2410 2795 2651 2862 bellum
2701 2816 2848 2863 cum
2874 2796 3087 2863 Persis

702 2903 883 2970 velut
928 2903 1276 2969 hereditate
1324 2903 1623 2968 relictum
1668 2903 1963 2988 suscepit.

793 3116 981 3182 XIII.
1036 3115 1152 3181 15:
1206 3118 1310 3181 καὶ
1363 3113 1646 3196 Κόροιβον
1694 3114 1758 3179 δὲ
1806 3114 1909 3179 καὶ
1960 3115 2303 3191 Μελιτίδην
2353 3154 2434 3165 -
2482 3115 2771 3191 ἀνοήτους
2820 3118 3039 3198 φασίν.

793 3220 1212 3288 Tralaticium
1277 3223 1341 3286 in
1403 3222 1587 3286 libris
1649 3220 1953 3286 mendum
2020 3228 2115 3288 est
2176 3220 2449 3296 Μέλιτος
2508 3243 2622 3308 pro
2686 3224 2974 3299 Μέλητος
3026 3231 3090 3290 et

708 3326 1053 3401 Μελιτίδης
1099 3348 1212 3413 pro
1261 3327 1632 3402 Μελητίδης.
1729 3326 2201 3412 Aristophanes
2237 3331 2305 3392 in
2352 3327 2551 3396 Ranis
2598 3328 2767 3398 987:

1474 3433 1622 3505 τέως
1670 3435 1723 3499 δ’
1772 3433 2269 3514 ἀβελτερώτατοι

1469 3540 1798 3620 κεχηνότες
1849 3540 2319 3621 Μαμμακυθοι,

1473 3647 1829 3723 Μελητίδαι
1876 3649 2155 3724 καθῆντο.

793 3756 907 3820 ubi
949 3752 1284 3822 Ravennae
1331 3754 1410 3821 de
1455 3774 1633 3821 more
1680 3755 1940 3822 exhibet
1985 3754 2321 3833 μελιτίδαι.

797 3952 980 4018 XIII.
1037 3950 1120 4020 1'7
1143 3973 1157 4017 ε

1137 4061 1400 4134 πτήσσει
1453 4060 1747 4142 Φρύνιχος
1794 4059 1869 4135 ὥς
1918 4085 2010 4136 τις
2062 4065 2509 4132 αλεκτΡΤΩΝ

1133 4167 1434 4248 παροιμία
1481 4166 1580 4231 ἐπὶ
1629 4173 1747 4232 τῶν
1796 4170 1999 4241 κακῶς
2047 4194 2107 4235 τι
2156 4171 2553 4252 πασχόντων.

795 4274 1088 4340 Restitue
1151 4271 1227 4347 ὥς
1291 4297 1386 4346 τις
1448 4273 1797 4339 ἀλέκτΩΡ·
1866 4297 1941 4340 ex
1990 4277 2433 4363 Aristophanis
2492 4278 2662 4362 Vesp.
2716 4277 2930 4364 1490,
2978 4281 3091 4345 ubi

705 4383 772 4445 in
828 4379 1098 4446 Scholiis
1162 4380 1381 4446 eadem
1445 4399 1606 4465 quae
1671 4381 1839 4465 apud
1905 4381 2243 4448 Aelianum
2307 4383 2613 4472 leguntur
2651 4386 2955 4467 παροιμία
3002 4423 3091 4436 -—

712 4487 1208 4564 υποπτήσσοντα.
