3414 5158
1380 372 1749 430 mosmos.
2672 357 2755 429 31

370 546 574 612 θέλων.
668 544 798 610 Hic
846 544 1175 611 Dissenius
1220 564 1446 611 verum
1496 543 1694 609 simul
1740 542 1909 610 vidit
1955 548 2021 609 et
2062 561 2187 609 non
2240 534 2427 609 vidit.
2478 541 2764 609 Articuli

370 671 562 719 usum
610 658 688 718 ut
732 650 1042 737 explicet.
1096 649 1274 734 ¹,Iam
1319 648 1476 716 licet
1519 648 1883 735 displiceret
1906 696 1923 726 ,
1972 650 2099 733 eit,
2147 649 2257 725 *rin
2298 648 2599 729 λοιδορίαν
2638 649 2761 715 m-

373 773 493 823 λων
557 778 682 825 non
744 757 1018 823 dixerim
1067 756 1287 822 eodem
1331 758 1472 821 iure
1519 754 1592 820 ’τὸ
1639 762 2015 834 λαλαγῆσαι
2067 756 2283 820 ἐθέλων
2330 755 2764 824 damnandum

373 885 542 941 esse,
590 883 790 950 quum
842 859 1200 928 infinitivus
1249 882 1396 927 cum
1448 860 1721 928 articulo
1768 881 2120 948 numquam
2171 859 2358 948 plane
2395 867 2589 927 exuat
2624 862 2763 928 vim

373 968 608 1037 verbi.”
698 965 841 1035 Hoc
889 966 1150 1052 quidem
1169 1015 1188 1045 ,
1237 968 1460 1053 opinor
1483 1017 1500 1045 ‚
1549 966 1793 1033 nemini
1838 986 2151 1052 umquam
2201 966 2576 1051 persuadere
2618 972 2765 1051 pot-

373 1078 529 1152 erit,
591 1073 704 1140 sed
760 1082 930 1139 recte
993 1080 1204 1139 totum
1267 1071 1484 1139 locum
1546 1071 1861 1140 convertit
1922 1074 1990 1137 in
2052 1070 2355 1137 Latinum
2404 1091 2764 1137 sermonem

373 1184 500 1248 sic:
571 1178 739 1259 „Sed
796 1179 1054 1246 leudem
1117 1180 1356 1246 invasit
1415 1178 1664 1246 invidia
1707 1199 1833 1245 non
1882 1180 2051 1245 iuste
2098 1178 2440 1264 procedens
2462 1225 2481 1262 ,
2526 1176 2638 1243 sed
2684 1176 2765 1243 ab

375 1288 686 1374 improbis
743 1286 1112 1353 hominibus
1125 1330 1146 1363 ‚
1208 1284 1417 1371 qualis
1479 1285 2004 1351 obtrectationem
2066 1294 2229 1348 amat
2272 1290 2338 1349 et
2382 1281 2605 1369 pulcra
2651 1282 2765 1348 bo-

378 1414 610 1461 norum
656 1392 824 1459 facte
869 1392 1202 1459 obscurare
1245 1389 1519 1457 studet.”
1574 1390 1799 1477 Itaque
1846 1396 1958 1455 eut
2004 1387 2190 1456 fallor
2237 1394 2349 1455 sut
2395 1408 2624 1455 verum
2670 1391 2770 1453 est

381 1502 452 1567 τὸ
499 1504 874 1577 λαλαγῆσαι
923 1503 1206 1579 φιλῶν.

479 1711 680 1778 Poeta
725 1708 988 1797 Olymp.
1032 1708 1134 1775 VI
1179 1706 1267 1774 86
1313 1708 1637 1794 praedicet
1685 1708 1925 1775 fontem
1972 1709 2182 1775 cuius:

1290 1812 1589 1894 ἐρατεινὸν
1637 1810 1785 1893 ὕδωρ

839 1920 1177 1998 πίομαι,
1224 1920 1513 2000 ἀνδράσιν
1559 1920 1951 2003 αἱχμὶαταῒσι
2004 1919 2319 1986 πλέκων

838 2026 1110 2092 ποικίλον
1158 2022 1361 2101 ὕμνον.

385 2132 530 2200 Non
593 2131 780 2201 video
834 2131 1152 2218 quomodo
1199 2131 1518 2219 Bergkius
1563 2132 1727 2197 serio
1772 2129 2003 2197 referre
2050 2133 2331 2218 potuerit
2370 2130 2777 2199 Meinekium

387 2239 493 2305 hic
563 2240 908 2305 correxisse
966 2237 1248 2315 πίνομαι.
1344 2235 1634 2306 Concedo
1695 2256 1845 2302 sene
1906 2237 2200 2302 futurum
2248 2238 2556 2304 absonum
2604 2258 2775 2325 esse,

389 2342 500 2513 sved
562 2344 759 2409 etiem
809 2344 1221 2430 perticipium
1267 2343 1512 2409 πλέκων
1555 2341 1662 2409 hic
1711 2343 1870 2409 setis
1916 2341 2185 2408 ridicule
2230 2350 2613 2430 usurpatum
2658 2351 2775 2411 est.

388 2494 400 2503 -
448 2453 620 2515 stem
667 2447 880 2515 decet:

1214 2557 1333 2626 τοῖς
1378 2554 1675 2634 ἐρατεινὸν
1725 2550 1875 2635 ὕδωρ

845 2661 1220 2746 πίνομεν,
1266 2658 1553 2742 ἅνδράσιν
1599 2660 1992 2742 αὶχματαῒσι
2044 2658 2385 2725 πλέκειν

847 2766 1116 2832 ποικίλον
1165 2763 1366 2843 ὕμνον.

391 2871 604 2938 Usum
650 2869 956 2940 infinitivi
999 2892 1187 2939 nemo
1235 2871 1593 2939 mirabitur.

480 3085 794 3154 Narratur
835 3091 905 3153 in
954 3086 1214 3175 Olymp.
1263 3086 1384 3154 vn
1429 3087 1747 3174 quomodo
1796 3087 2040 3154 fectum
2088 3091 2173 3156 sit
2219 3093 2295 3156 ut
2342 3088 2557 3157 insule
2602 3089 2781 3158 Rho·

389 3191 511 3259 dus
554 3193 676 3260 soli
720 3199 1205 3260 consecraretur.
1262 3191 1364 3258 Vs.
1419 3199 1514 3260 est
1563 3192 1686 3261 58:

797 3300 1094 3372 ἀπεόντος
1144 3301 1196 3365 δ’
1246 3298 1408 3372 οὔτις
1455 3297 1819 3379 ἔνδειξεν
1864 3299 2068 3384 λάχος
2123 3300 2391 3368 ’Aeuom

393 3402 522 3471 Hic
589 3403 912 3493 Bergkius
968 3412 1138 3472 recte
1193 3407 1416 3472 scribit
1461 3406 1733 3473 verbum
1784 3403 2037 3484 ἔνδειξεν
2085 3407 2163 3474 de
2207 3409 2370 3476 vitio
2416 3413 2780 3496 suspertum

394 3530 532 3576 esse
548 3557 567 3589 ‚
638 3510 866 3577 deinde
928 3511 1110 3577 addit
1176 3513 1300 3579 sibi
1358 3511 1606 3599 placere
1662 3513 1889 3593 ἤνειξεν
1904 3561 1923 3592 ,
1985 3514 2207 3581 docere
2266 3517 2437 3582 enim
2511 3507 2782 3584 Ohoero-

395 3617 658 3686 boscum
729 3617 938 3696 ἥνειξα
1015 3617 1399 3686 Boeotorum
1470 3639 1604 3686 esse
1671 3619 1946 3687 formem
2010 3641 2124 3708 pro
2188 3621 2462 3699 ἤνεγκον.
2556 3621 2781 3708 Itaque

392 3723 658 3790 eandem
726 3723 1001 3791 formam
1072 3723 1393 3814 Bergkius
1463 3724 1941 3791 commendavit
1992 3724 2188 3814 Pyth.
2238 3724 2337 3792 VI
2399 3725 2486 3792 46
2550 3732 2616 3793 et
2674 3727 2782 3793 ad-

394 3827 691 3897 mirabile
758 3837 853 3896 est
913 3850 1063 3896 eum
1129 3851 1256 3897 non
1319 3830 1492 3896 idem
1555 3829 1779 3894 fecisse
1839 3827 2031 3895 Nem.
2080 3829 2169 3896 VI
2220 3828 2327 3896 18.
2392 3831 2520 3898 Fac
2564 3837 2781 3898 sutem

397 3933 607 4011 ἤνειξα
675 3954 801 4000 non
869 3935 1153 4002 alienum
1222 3957 1358 4002 esse
1421 3954 1461 4001 s
1519 3933 1785 4000 Pindari
1847 3954 1969 4002 usu
1986 3983 2003 4014 ,
2069 3936 2224 4023 quid
2285 3934 2545 4005 laudate
2590 3938 2784 4005 verbs

397 4035 845 4126 significabunt
863 4042 895 4105 Ρ
942 4041 1085 4128 Ipse
1119 4044 1315 4108 vertit
1361 4039 1717 4129 Bergkius:
1762 4061 1953 4108 nemo
1997 4043 2279 4109 absentis
2324 4041 2494 4110 Solis
2539 4050 2778 4111 sortem

398 4144 604 4210 duxit.
698 4142 935 4211 Verum
1004 4167 1130 4214 non
1200 4148 1320 4214 hoc
1388 4145 1736 4234 requiritur
1751 4195 1771 4226 ,
1832 4151 2156 4216 neminem
2220 4150 2500 4217 absentis
2543 4157 2781 4218 sortem

398 4251 656 4317 duxisse
672 4299 691 4329 ,
754 4249 920 4318 illud
979 4259 1420 4338 exspectamus
1466 4255 1680 4340 potius
1693 4301 1711 4332 ,
1764 4251 1931 4320 Solis
1973 4263 2208 4326 sortem
2254 4277 2381 4323 non
2428 4259 2779 4324 coniectum

397 4355 593 4424 fuisse
635 4359 704 4423 in
749 4377 996 4424 urnam.
1041 4356 1186 4426 Hoc
1231 4362 1428 4425 sensit
1472 4359 1801 4427 Dissenius
1844 4363 1957 4447 qui
1994 4364 2091 4427 ite
2129 4365 2355 4431 vertit:
2404 4363 2783 4442 „admonuit

397 4469 475 4532 ut
521 4465 720 4530 etism
762 4463 959 4531 huius
1005 4485 1138 4532 sors
1185 4468 1252 4532 in
1300 4486 1527 4533 urnam
1575 4465 2089 4535 demitteretur-’⁹
2153 4469 2367 4558 Fecit,
2415 4472 2515 4538 uti
2562 4469 2780 4554 vides,
