3414 5158
1390 343 1746 394 amurmne.
2629 325 2760 393 305

829 510 1101 591 καπνῷ
1148 507 1205 574 δ’
1256 509 1509 588 ἕσήμην’
1558 507 1679 579 keu
1727 510 2140 589 πολεμίων
2191 507 2335 576 ὕπο

826 615 996 694 ξένου
1043 617 1355 691 κατέκτας
1404 619 1512 694 σὴν
1561 616 1812 695 nondun-⁹
1859 619 1963 700 ἐφ’
2012 618 2209 687 ἓςίαν.

466 724 687 813 Magis
728 724 995 791 lenitate
1035 744 1228 810 quam
1277 724 1442 790 bona
1485 721 1849 791 Graecitate
1895 727 1961 790 et
2000 723 2320 812 elegantia
2357 723 2759 790 commenda-

376 837 485 898 tur
528 829 839 918 Kvicalae
888 829 1280 896 coniectura:

558 937 866 1010 καπνὸς
918 934 1205 1024 (Canter)
1252 935 1305 1001 δ’
1357 935 1609 1015 ἕσήμήν’
1662 933 1784 1008 deu
1833 951 1982 1003 πολ
2003 937 2183 1016 εμίο
2203 960 2264 1010 ις
2315 937 2420 1003 ὑπ
2441 935 2540 1003 όν.

467 1041 715 1110 Verum
764 1063 899 1110 ease
944 1046 1057 1111 vix
1104 1043 1363 1111 dubito:

741 1151 1039 1224 καπνὸς
1088 1150 1140 1215 δ’
1188 1149 1441 1228 &chunst
1488 1147 1609 1219 ἄςυ
1658 1149 2354 1230 πυρπολούμενον.

466 1255 883 1324 substantivo
928 1280 976 1321 π
992 1282 1027 1322 υ
1044 1281 1075 1337 ρ
1094 1256 1186 1321 πό
1199 1270 1238 1321 λ
1260 1281 1293 1331 n
1316 1280 1366 1334 μ,
1388 1281 1431 1321 α
1478 1260 1668 1341 poeta
1712 1276 1869 1323 neue
1917 1260 2012 1322 est
2060 1255 2289 1322 Helen.
2341 1253 2493 1322 ¹773.

470 1468 721 1536 Hecub.
775 1465 947 1534 1261

562 1575 700 1641 Pol.
768 1573 971 1657 κρύψῃ
1018 1575 1131 1654 μὲν
1180 1569 1277 1640 οὖν
1320 1575 1569 1662 (ποντία
1610 1575 1795 1660 νοτίς)
1839 1579 2154 1640 πεσοῦσαν
2192 1575 2260 1640 ἐκ
2300 1575 2675 1655 καρχησίων.

558 1681 719 1748 Hoc.
766 1681 911 1763 πρὸς
960 1684 1069 1746 τοῦ
1116 1681 1337 1758 βιαίων
1383 1680 1830 1762 τυγχάνουσαν
1879 1681 2220 1760 α’λμοὶτωνς

562 1787 702 1853 Pol.
772 1789 932 1862 αύτῆ
982 1789 1126 1867 πρὸς
1175 1788 1301 1856 Ῑςὸν
1347 1791 1488 1861 ναὸς
1538 1788 1827 1866 ἄμβασει
1877 1787 2037 1854 ποδί.

562 1892 723 1959 Hac.
770 1893 1129 1974 ὑποπτέροις
1179 1892 1444 1960 νώτοισιν
1489 1898 1524 1971 ἢ
1574 1895 1723 1976 ποίῳ
1770 1893 2008 1979 uda-1303

559 1996 699 2065 Pol.
761 1999 919 2066 κύων
966 2000 1214 2078 γενήσει
1264 1997 1449 2082 πύρσ’
1499 1995 1737 2080 ἔχουσα
1783 1999 2140 2083 δέργματα.

482 2103 929 2172 1266-1269
2223 2103 2226 2108 ’

568 2211 725 2279 Hee.
780 2211 1043 2278 θανοῦσα
1094 2211 1149 2277 δ’
1201 2212 1236 2290 ἢ
1286 2211 1429 2292 ζῶσ’
1489 2211 1748 2279 ἔνθαδ’
1797 2213 2182 2288 ε’κπλήσω
2227 2211 2447 2294 βίον;

564 2317 698 2384 Pol.
768 2319 1068 2384 θανοῦσα·
1117 2319 1343 2400 τύμβῳ
1395 2319 1450 2386 δ’
1506 2319 1697 2398 ὄνομα
1745 2321 1827 2401 σῷ
1877 2321 2271 2394 κεκλήσεται.

626 2461 705 2470 --
766 2424 935 2498 κυνὸς
982 2427 1285 2500 ταλαίνης
1335 2433 1546 2504 σῆμα,
1598 2427 1906 2499 ναυτίλοις
1953 2425 2216 2506 τέκμαρ.

476 2527 626 2595 Sive
675 2549 788 2616 pro
833 2529 968 2609 βίον
1016 2551 1162 2597 cum
1209 2531 1581 2620 Musgravio
1629 2531 1865 2610 πότμον
1911 2533 2401 2610 substituimus,
2445 2531 2581 2599 sive
2621 2552 2770 2597 cum

385 2635 708 2700 Brunckio
769 2635 982 2716 μόρον,
1054 2639 1191 2702 eive
1252 2638 1437 2715 λόγον
1462 2634 1541 2723 (ἲ)
1608 2660 1756 2703 cum
1813 2638 2114 2716 Prinzio,
2165 2658 2354 2723 supra
2401 2658 2593 2723 quam
2645 2637 2774 2703 dici

382 2744 593 2827 potest
648 2741 919 2808 absurda
980 2748 1193 2808 manet
1253 2746 1473 2809 oratio.
1568 2744 1711 2810 Hoc
1767 2744 1954 2811 video
1999 2744 2335 2811 Hecubam
2385 2762 2610 2831 rogare
2657 2762 2770 2828 po·

382 2849 617 2913 tuisse:
678 2852 890 2912 vivane
933 2870 1015 2912 an
1061 2858 1293 2913 mortua
1321 2852 1613 2932 fluct-ihm
1657 2851 1928 2915 iactabor
1947 2896 1964 2928 ,
2011 2852 2056 2914 i.
2105 2870 2160 2915 e.
2209 2854 2430 2915 utrum
2477 2850 2546 2913 in
2593 2868 2768 2915 mare

385 2951 639 3037 delapsa
684 2954 905 3039 peribo
950 2973 1031 3019 an
1080 2954 1260 3021 salva
1306 2956 1573 3022 evadam
1590 3004 1605 3033 ,
1659 2956 1769 3021 sed
1827 2958 2226 3041 scripseritne
2286 2960 2472 3040 poeta
2529 2954 2589 3019 ἐν
2649 2954 2768 3020 σαὶ-

381 3073 469 3138 λῳ
518 3058 918 3140 ’νεχθήσομαι
936 3109 955 3145 ,
1006 3080 1083 3126 an
1132 3059 1257 3128 alio
1305 3062 1495 3128 modo
1542 3082 1839 3148 quaerere
1885 3083 1964 3127 ex
2010 3082 2118 3127 me
2161 3059 2316 3127 noli.

471 3270 783 3357 Hippolyt.
836 3268 923 3336 32
1758 3273 2106 3354 Ἱππολύτῳ
2154 3270 2259 3338 ἔπι

927 3378 999 3441 τὸ
1046 3379 1257 3445 λοιπὸν
1304 3378 1722 3461 ὠνόμαζεν
1769 3382 2036 3461 ἱδρῦσθαι
2083 3382 2248 3445 θεάν.

476 3482 859 3567 Nuperrime
918 3481 1250 3550 Alfonsius
1314 3484 1609 3551 Willeme
1674 3488 1744 3551 in
1809 3486 1956 3551 utili
2017 3486 2184 3552 libro
2233 3485 2474 3565 „Notas
2522 3490 2588 3550 et.
2634 3505 2772 3550 cor-

383 3587 656 3653 rectione
696 3609 805 3653 aur
842 3588 1249 3676 l’Hippolyte
1292 3590 1663 3676 d’Euripide
1683 3641 1699 3667 ‚
1740 3590 2070 3657 Bruxellee
2118 3588 2326 3656 1883”
2363 3590 2534 3655 hunc
2554 3589 2772 3655 locum

380 3692 560 3761 nullo
630 3696 889 3782 negotio
958 3698 1271 3782 corrigere
1339 3697 1467 3762 sibi
1534 3698 1713 3763 visus
1759 3702 1856 3761 est
1901 3696 2229 3763 scribendo
2289 3719 2316 3760 ο
2335 3698 2368 3760 ὑ
2419 3693 2497 3760 νό
2510 3721 2561 3774 μ
2582 3719 2601 3760 ι
2619 3693 2661 3775 ζ
2671 3718 2702 3759 ε
2719 3718 2773 3762 ν.

384 3798 510 3867 Oui
554 3803 948 3867 coniecturae
996 3804 1123 3867 viri
1168 3802 1339 3867 docti
1385 3801 1633 3890 collega
1680 3802 1774 3868 M.
1826 3801 2072 3868 Roeech
2120 3822 2194 3867 ea
2241 3804 2568 3888 opposuit,
2613 3820 2774 3886 quae

382 3905 571 3972 facile
617 3906 893 3971 refutare
941 3911 1151 3992 potuit
1197 3911 1593 3974 coniecturae
1636 3918 1890 3992 auctor,
1949 3908 2060 3974 sed
2097 3907 2384 3995 neglexit
2417 3906 2486 3971 id
2529 3906 2778 3972 obicere

380 4012 547 4097 quod
596 4010 801 4077 refelli
843 4012 1023 4079 nullo
1060 4013 1251 4080 modo
1289 4020 1531 4099 potest,
1576 4014 1932 4081 inauditam
1975 4034 2108 4080 esse
2149 4014 2412 4100 tragicis
2436 4012 2771 4100 aug-menti

378 4115 676 4204 syllabici
744 4120 1149 4184 omissionem
1171 4166 1186 4196 ,
1256 4122 1311 4184 ei
1378 4122 1698 4205 exceperis
1763 4122 1954 4201 ῥήσεις
2011 4120 2321 4206 quaedam
2369 4116 2768 4204 ἀγγελικῶς,

378 4223 611 4309 quibua
659 4226 875 4309 opicus
920 4224 1179 4311 quidam
1228 4226 1539 4292 sermonis
1586 4224 1758 4294 color
1803 4248 1942 4293 eam
1991 4226 2320 4293 licentiam
2369 4226 2712 4311 permittit.

469 4326 645 4395 Nam
706 4328 874 4415 quod
940 4351 1019 4395 ex
1061 4332 1255 4397 Aiace
1300 4330 1650 4417 Sophocleo
1700 4332 1998 4400 Willems
2047 4332 2356 4399 excitavit
2401 4329 2769 4417 exemplum

374 4432 637 4522 (1337):
