3414 5158
1399 367 1801 422 naonorus.
2658 349 2791 420 415

493 533 568 602 In
613 540 900 603 extremo
961 537 1168 622 capite
1223 536 1676 623 expectabam:
1741 537 1829 603 τὰ
1874 573 1965 588 --
2010 533 2143 602 ὦτα
2204 535 2451 620 Ενείρας
2502 535 2637 619 περὶ
2686 535 2792 603 τὸν

399 643 662 722 χαλινὸν
707 660 824 729 pro
872 643 1182 725 Ανείρας.’

489 839 605 908 ΙΠ.
667 838 798 908 124
843 845 1006 910 extr.
1067 842 1403 922 βούλεσθαι
1454 843 1581 924 γαρ
1636 841 2107 924 παρθενεύεσθαι
2148 840 2364 908 πλέω
2412 840 2701 924 χρόνον
2746 841 2783 918 ἢ

399 950 508 1013 τοῦ
571 949 802 1030 πατρὸς
866 950 1206 1030 respuam.
1299 948 1496 1016 Recte
1554 968 1678 1015 non
1740 949 1946 1016 ferens
2006 948 2345 1016 absurdam
2407 947 2746 1014 lectionem
2769 993 2786 1027 ,

397 1051 634 1120 frustra
699 1053 1022 1121 defensam
1091 1075 1130 1121 a
1175 1053 1420 1122 Steinio
1435 1101 1454 1135 ,
1517 1054 1772 1122 Mehler
1834 1076 2019 1122 meus
2081 1057 2355 1123 coniecit
2398 1054 2628 1121 πολλὸν
2674 1059 2789 1121 aut

396 1157 632 1225 πάντα.
727 1157 894 1226 Cum
962 1167 1180 1228 tamen
1241 1166 1469 1228 neutra
1529 1163 1834 1228 eorrectio
1892 1160 2161 1228 lenitate
2222 1182 2357 1228 sese
2402 1179 2789 1248 magnopere

399 1263 831 1343 oommendet,
879 1268 1093 1333 neseio
1138 1266 1268 1334 fere
1323 1286 1402 1332 an
1447 1264 1538 1331 H.
1585 1266 1833 1332 dederit
1876 1266 2014 1333 sola
2060 1267 2253 1336 verba
2297 1266 2631 1345 βούλεσθαι
2658 1266 2786 1348 γὰρ

399 1371 868 1451 παρθενεύεσθαι
917 1371 952 1446 ἢ
999 1376 1106 1438 τοῦ
1155 1372 1388 1453 πατρὸς
1430 1373 1746 1450 ἐςερῆσθαι
1796 1377 1863 1438 ot
1900 1372 2134 1439 sciolus
2170 1376 2383 1440 nescio
2421 1373 2565 1458 quis
2602 1373 2789 1460 igno·

397 1477 544 1543 ra‘ns
590 1476 980 1545 locutionem
1024 1477 1336 1558 βούλομαι
1384 1477 1420 1555 ἥ
1469 1477 1787 1544 addiderit
1832 1481 2339 1565 comparativum
2393 1477 2563 1544 πλέω
2613 1478 2786 1567 (Vat.

397 1581 615 1664 πλείω)
659 1582 892 1664 χρόνον,
939 1603 1063 1671 quo
1107 1584 1234 1652 loci
1284 1589 1674 1652 structuram
1724 1585 2071 1671 expediret.

485 1782 602 1849 ΙΙΙ.
676 1781 806 1852 127
875 1785 1018 1852 init.
1091 1791 1347 1867 Δαρεῖος
1406 1783 1467 1850 δὲ
1537 1784 1636 1871 [ὡς
1686 1783 1841 1866 ἔσχε
1890 1784 1999 1859 τὴν
2046 1783 2275 1872 ἀρχὴν]
2330 1783 2629 1862 ἐπεθύμεε
2679 1783 2784 1849 τὸν

395 1889 685 1971 Ὀροίτεα
731 1890 1053 1957 τείσασθαι
1101 1892 1232 1958 κτὲ.
1325 1889 1572 1958 Seclusi
1619 1891 1815 1958 verba
1861 1896 2176 1976 suspecta.
2267 1890 2329 1957 N
2332 1911 2435 1956 am
2458 1892 2621 1977 (cap.
2653 1889 2785 1957 126

397 1997 586 2084 extr.)
633 2017 784 2064 oum
829 1995 1090 2064 Oroetes
1137 1997 1319 2066 Darii
1363 1999 1666 2064 nuntium
1713 1999 2009 2072 necabat,
2062 1996 2293 2064 Darius
2338 1999 2472 2064 iam
2516 2017 2627 2064 rex
2651 2004 2787 2064 erat

397 2103 500 2184 (of.
564 2123 698 2190 eap.
764 2100 893 2171 127
942 2104 1160 2190 extr.),
1227 2103 1338 2170 sed
1382 2103 1666 2171 nondum
1716 2104 1829 2169 diu
1878 2103 2115 2190 (νεωστὶ
2168 2101 2328 2183 ἔχων
2374 2103 2483 2179 τὴν
2531 2103 2782 2190 ἀρχήν).

396 2209 640 2277 Audita
683 2211 923 2276 iniuria
967 2212 1189 2276 statim
1235 2209 1532 2296 quidem,
1579 2214 1654 2276 ut
1699 2210 2006 2296 arbitror,
2055 2206 2290 2276 Darius
2336 2207 2639 2287 ἐπεθύμεε
2681 2210 2786 2276 τὸν

395 2315 682 2397 Ὀροίτεα
749 2317 1114 2396 τείσασθαι,
1183 2317 1296 2385 sed
1364 2316 1667 2383 οἰδεόντων
1735 2316 1786 2382 02
1857 2313 1948 2382 ἔτι
2010 2321 2127 2382 τῶν
2189 2315 2578 2397 πρηγμάτων
2640 2314 2785 2383 (1010

395 2443 589 2510 quam
637 2425 704 2490 vi
749 2424 848 2487 uti
895 2422 1152 2489 maluit.

490 2621 606 2687 ΠΙ.
674 2619 825 2688 128.
888 2624 1006 2689 τῶν
1066 2620 1350 2701 βυβλίων
1401 2621 1475 2709 (l.
1519 2620 1811 2702 βιβλίων.
1862 2618 1960 2690 Of.
2009 2622 2161 2707 Dap.
2222 2630 2355 2689 teet.
2406 2644 2549 2712 pag.
2603 2622 2674 2711 8)
2722 2616 2784 2690 ἓν

396 2726 658 2795 ἕκαστον
722 2752 895 2810 περι
917 2751 1089 2810 αιρο
1109 2730 1142 2796 ύ
1160 2752 1211 2807 μ
1231 2751 1418 2801 evoe.
1511 2728 1855 2814 Perperam
1920 2726 2100 2794 Stein
2148 2731 2605 2816 interpretatur
2636 2753 2783 2815 pro-

393 2858 587 2911 mam,
653 2834 822 2920 quod
893 2832 1132 2903 Graece
1201 2834 1437 2901 dicitur
1505 2838 1815 2916 προαιρῶν.
1910 2832 2007 2904 Of.
2070 2836 2264 2901 Arist.
2314 2834 2574 2905 Thesm.
2625 2836 2782 2903 419.

393 2940 596 3022 Thuo,
672 2939 824 3007 VIII
886 2938 974 3006 90
991 2991 1011 3027 ,
1073 2940 1156 3007 al.
1222 2939 1418 3007 Recte
1486 2938 2015 3029 Schweighaiiser
2091 2942 2384 3021 „solvens
2447 2941 2781 3010 vinculum

395 3050 703 3134 cuiusque
764 3046 1126 3134 epistolae”.
1218 3044 1520 3135 Intellige
1578 3048 1689 3122 τὺν
1754 3044 2109 3132 αρπεδόνην,
2157 3048 2227 3111 τὸ
2276 3048 2457 3114 λίνον.
2550 3048 2627 3113 In
2676 3071 2784 3116 ex-

395 3158 601 3218 tremo
664 3154 872 3239 capite
923 3151 1184 3219 inutilia
1227 3154 1422 3220 verba
1466 3154 1570 3220 τὸν
1617 3152 1852 3237 Πέρσην
1901 3158 1966 3219 et
2012 3156 2121 3219 τοῦ
2175 3156 2422 3233 Σαμίου
2469 3154 2783 3223 Herodoti

396 3280 530 3325 esse
577 3258 816 3326 dubito.

485 3442 600 3511 III.
666 3440 796 3509 129
851 3442 996 3509 init.
1065 3442 1126 3506 ἐν
1188 3440 1352 3524 ἄγρη
1405 3440 1662 3530 [θηρῶν].
1758 3440 1857 3511 Of.
1912 3444 1939 3509 Ι
1990 3441 2077 3510 73
2124 3444 2295 3513 med.
2341 3443 2437 3511 ῙΠ
2486 3442 2574 3511 30
2620 3450 2779 3513 extr.

395 3549 480 3617 al.
571 3549 650 3615 In
705 3548 832 3616 fine
891 3549 1122 3634 eapitis
1182 3546 1494 3617 Herodoti
1553 3553 1616 3615 et
1679 3551 2113 3636 antiquiorum
2176 3572 2385 3619 sermo
2454 3551 2774 3637 postulat:

394 3652 548 3723 οὕτω
618 3655 690 3733 δή
753 3678 811 3722 τι
880 3653 1135 3737 δαψιλέι
1203 3654 1384 3740 δωρεῇ
1443 3652 1561 3725 ὅτε
1624 3656 1762 3745 (pro
1806 3658 1913 3743 ὡς)
1974 3654 2118 3731 τοὺς
2164 3657 2638 3731 ἀποπίπτοντας
2695 3694 2783 3707 -

395 3768 672 3844 ςατῆρας
719 3798 810 3813 -·
853 3762 882 3827 ὃ
930 3760 1167 3837 οἰκέτης
1218 3799 1301 3811 -
1347 3760 1709 3841 ἀνελέγετο.
1806 3761 2049 3829 Eadem
2099 3762 2178 3830 de
2221 3783 2415 3831 eausa
2460 3782 2597 3850 oap.
2649 3761 2782 3829 146

394 3870 537 3935 init.
585 3872 836 3957 requiro
883 3866 928 3933 ὅ
942 3892 1028 3937 τε
1077 3866 1269 3946 δόξαι.

485 4050 602 4119 111.
677 4050 829 4120 130.
903 4051 1355 4136 τεχνάζειν
1437 4050 1831 4132 ἕπιςάμενος.
1944 4050 2125 4120 Stein
2198 4050 2586 4141 „Wortspiel
2658 4056 2786 4122 mit

395 4158 653 4239 τέχνη”.
746 4160 807 4225 Ν
811 4181 892 4225 on
955 4158 1084 4227 fuit
1103 4210 1123 4245 ‚
1184 4163 1261 4226 ut
1321 4160 1624 4244 arbitror,
1685 4158 1771 4225 H.
1828 4159 1983 4226 adeo
2043 4158 2471 4241 ἀπειρόκαλος,
2520 4165 2596 4227 ut
2642 4166 2779 4229 tam

396 4266 630 4354 frigide
677 4264 948 4335 luderet.
1037 4263 1440 4349 Historiam,
1485 4285 1611 4351 qua
1631 4269 1731 4331 est
1752 4263 2203 4351 simplicitate,
2229 4265 2394 4335 nihil
2418 4286 2645 4335 curans
2668 4269 2781 4345 τὴν

395 4372 626 4456 τέχνην
695 4374 950 4459 proprio
1005 4392 1194 4437 sensu
1254 4370 1471 4457 paullo
1527 4376 1674 4438 ante
1737 4370 2100 4438 adhibitum
2175 4378 2443 4459 usurpat
2510 4375 2781 4442 verbum

395 4480 490 4549 rei
535 4498 726 4571 quam
773 4480 990 4546 narrat
1033 4478 1458 4566 aptissimum.
