3414 5158
631 299 764 366 424
1469 265 1472 268 ⁹
1625 322 2025 372 nanonorus.

721 486 828 553 IV.
876 485 985 554 81.
1033 483 1093 560 ὃς
1145 487 1210 552 δὲ
1256 488 1344 565 μη
1394 484 1559 554 εἶδέ
1607 514 1709 554 κω
1760 493 1972 555 τοῦτον
2018 489 2736 575 (positumaPausania
2757 493 3018 580 aenum)

633 591 741 660 ὧδε
805 595 1088 672 δηλώσω·
1153 593 1503 672 ἑξακοσίους
1563 597 1891 678 άμφορέας
1955 597 2257 670 εὐπετέως
2305 597 2521 679 χωρέει
2570 599 2653 663 τὸ
2703 599 2779 664 έν
2828 601 3020 666 Σκύ-

631 702 808 782 θησι
855 692 1322 781 zon-mium.
1356 702 1570 785 πάχος
1619 703 1682 768 δὲ
1730 702 1817 766 τὸ
1860 703 2265 770 Σκυθικὸν
2315 708 2557 770 τοῦτο
2598 709 3019 788 χαλκήιον

629 794 720 877 ε”ςι
795 807 1121 873 δακτύλων
1190 803 1276 883 ἕξ.
1371 807 1729 875 Verbosum
1804 829 1939 874 esse
2008 809 2161 877 novi
2230 809 2332 888 H,
2402 810 2510 876 sed
2557 811 2712 878 haee
2760 812 3017 898 quidem

633 935 889 982 omnem
953 915 1250 980 excedere
1311 914 1574 980 modum
1641 915 1962 979 videntur.
2058 916 2159 980 An
2222 914 2382 981 latet
2443 915 2879 1009 dittographia
2947 925 3023 983 ut

633 1023 876 1087 dederit
946 1021 1030 1099 ἐξ.
1103 1021 1168 1086 ά.
1235 1023 1324 1086 εὖ.
1385 1045 1460 1103 χ.
1523 1022 1607 1086 τὸ
1681 1023 1758 1086 έν
1830 1020 2194 1104 Σκύθησι
2264 1026 2503 1114 τοῦτο
2570 1024 3013 1102 χαλκήιον,

631 1129 845 1210 πάχος
893 1127 954 1192 δὲ
997 1129 1087 1194 έςι
1133 1125 1454 1192 δακτύλων
1499 1124 1606 1202 ἕέῗ
1651 1126 1897 1194 Deinde
1940 1127 2166 1194 haereo
2212 1130 2279 1194 in
2326 1127 2544 1194 addita
2588 1127 2817 1196 vocula
2854 1139 3013 1208 ΚΩ,

631 1237 743 1322 qui
803 1237 977 1302 enim
1050 1235 1208 1300 dicit
1260 1240 1366 1319 qui
1407 1251 1676 1300 nonium
1722 1235 1876 1298 vidit
1894 1283 1911 1309 ‚
1960 1240 2250 1324 expectat
2297 1256 2515 1301 omnes
2562 1255 2710 1303 suos
2754 1236 3021 1302 lectores

629 1343 956 1428 aliquando
1024 1341 1274 1407 visuros
1346 1359 1480 1406 esse
1542 1344 1775 1406 aenum
1822 1341 1917 1427 [in
1984 1339 2261 1426 Bosporo
2332 1339 2634 1408 Thraeieo
2694 1342 2981 1408 dicatum
3002 1389 3021 1422 ‚

631 1448 799 1535 quod
856 1468 979 1533 quo
1043 1453 1226 1532 paeto
1289 1445 1376 1512 Η.
1445 1450 1777 1531 expectare
1837 1448 2119 1533 potuerit
2164 1467 2289 1512 non
2336 1466 2650 1533 assequor.
2743 1451 2843 1515 An
2892 1469 3023 1515 eor-

629 1554 970 1642 rigendum
1041 1544 1102 1622 ὃς
1172 1551 1236 1618 δὲ
1298 1555 1387 1629 μη
1454 1551 1524 1616 εἷ
1543 1553 1620 1618 δε
1642 1557 2020 1630 τοσοῦτον,
2068 1556 2229 1640 quae
2275 1555 2481 1622 forma
2526 1556 2739 1622 media
2784 1555 3027 1644 legit-ur

631 1659 736 1726 lv.
809 1659 937 1724 184
964 1708 980 1736 ,
1051 1657 1215 1735 196,
1283 1656 1481 1724 alibi?
1544 1658 1759 1723 Huius
1818 1659 1944 1725 loci
1990 1658 2210 1725 eadem
2258 1663 2421 1726 ratio
2467 1665 2563 1726 est
2610 1683 2682 1728 ae
2724 1661 2851 1728 loci
2899 1663 3021 1728 III.

634 1764 755 1832 37:
821 1756 882 1838 ὃς
949 1766 1010 1830 δὲ
1073 1763 1320 1834 τούτους
1370 1765 1458 1842 μὴ
1505 1763 1818 1844 ὄπωπε,
1872 1767 1993 1844 ἐγὼ
2042 1766 2106 1831 δέ
2154 1769 2205 1832 οἵ
2254 1765 2561 1845 σημανέω.
2658 1767 2840 1848 Quod
2885 1789 3023 1834 ver-

631 1873 788 1938 bum
855 1875 911 1937 si
971 1873 1076 1937 hio
1140 1891 1386 1957 quoque
1455 1870 1611 1937 olim
1676 1871 1916 1937 lectum
1980 1871 2133 1950 fuit,
2190 1873 2421 1939 vooula
2468 1898 2549 1938 κω
2597 1873 2903 1960 (correcta
2946 1896 3025 1940 ex

634 1981 757 2066 πω)
804 1985 900 2046 est
943 1981 1081 2045 eius
1130 1979 1448 2064 lectionis,
1510 1978 1899 2066 glossemate
1947 1974 2074 2044 εἶδε
2121 1979 2521 2047 oblitteratae
2540 2031 2558 2066 ‚
2607 1983 2977 2068 vestigium.

723 2191 828 2255 IV.
903 2189 1029 2274 87,
1105 2191 1163 2255 l.
1233 2190 1510 2264 ἐνταμὼν
1571 2189 1939 2290 γράμματα
2004 2193 2077 2264 ές
2143 2193 2256 2270 μὲν
2319 2192 2461 2266 τὴν
2498 2229 2587 2244 —-
2626 2194 2701 2267 ἐς
2756 2193 2818 2258 δὲ
2864 2219 2903 2258 τ
2926 2196 3025 2270 ἣν.

635 2297 953 2364 Usitatius
999 2302 1211 2363 nostro
1255 2297 1316 2362 ἐν
1341 2333 1430 2346 ——
1461 2305 1538 2380 τῇ
1569 2336 1652 2347 -
1680 2297 1741 2362 ἐν
1769 2307 1955 2381 -τῇ,
2050 2297 2146 2371 cf.
2187 2321 2252 2367 v.
2289 2320 2341 2366 e.
2386 2298 2558 2366 VIII.
2602 2299 2711 2366 22.
2738 2299 2825 2365 49
2854 2302 3026 2389 (bis).

679 2562 683 2566 -
725 2511 830 2577 IV.
900 2509 982 2576 91
1054 2515 1214 2576 extr.
1263 2514 1476 2575 ταῦτα
1525 2509 1594 2586 δὴ
1643 2511 1908 2575 ἐνθαῦτα
1958 2511 1988 2574 έ
2003 2509 2305 2593 γράφη.
2400 2511 2567 2594 Quia
2612 2511 2765 2581 haee
2832 2517 3031 2600 respi-

636 2622 816 2684 ciunt
881 2620 1070 2685 verba
1131 2618 1496 2697 γράμματα
1562 2616 2048 2703 ἐγγράψας,
2097 2620 2307 2683 neseio
2352 2639 2434 2685 an
2482 2618 2593 2699 H„
2641 2623 2754 2704 qui
2801 2621 3027 2687 eadem

634 2726 865 2792 iisdem
914 2726 1127 2791 verbis
1173 2728 1399 2790 iterare
1447 2723 1715 2809 assolet,
1765 2723 2009 2790 dederit
2046 2722 2385 2807 ἐνεγράφη.

724 2938 831 3003 IV.
895 2936 1000 3003 79.
1067 2935 1282 3003 Verba
1343 2936 1760 3019 βακχεύομεν
1825 2936 1929 3001 καὶ
1991 2941 2057 3002 et
2102 2936 2321 3025 paullo
2367 2942 2511 3023 post
2557 2924 2663 3003 καὶ
2710 2938 3021 3071 βακχεύει

634 3038 914 3110 insiticia
960 3043 1278 3110 videntur.

726 3257 834 3323 IV.
900 3255 984 3322 81
1041 3275 1234 3342 prope
1297 3252 1403 3319 fin.
1478 3252 1752 3319 κελεύειν
1819 3278 1923 3333 μιν
1990 3252 2237 3329 πάντας
2303 3255 2545 3327 Σκύθας
2595 3253 2763 3335 ἄρδιν
2807 3252 3027 3324 ἕκατι-ον

643 3362 797 3439 μίαν
863 3362 1018 3447 [άπὸ
1071 3365 1178 3426 τοῦ
1225 3362 1419 3446 διςοῦ]
1470 3359 1745 3437 κομίσαι.
1838 3359 2136 3426 Absurde
2183 3361 2337 3427 haee
2400 3361 2739 3427 adduntur.
2834 3360 3031 3441 Quasi

640 3488 792 3537 vero
839 3468 1114 3555 singulis
1162 3465 1424 3554 Scythis
1475 3466 1769 3554 singulae
1813 3466 2051 3532 fuerint
2096 3469 2390 3553 sagittae.
2484 3466 2611 3532 Bes
2656 3471 2753 3532 est
2798 3487 2873 3532 eo
2920 3468 3027 3532 ab·

642 3574 921 3659 surdior,
995 3573 1161 3659 quod
1237 3574 1512 3661 sag-ittae
1579 3574 1715 3638 sine
1780 3571 2024 3658 spiculo
2079 3570 2296 3638 nullus
2357 3572 2634 3660 amplius
2692 3594 2847 3638 usus
2910 3578 3027 3639 est.

639 3680 776 3745 Nee
833 3678 999 3760 ἄρδις
1067 3678 1146 3745 de
1207 3678 1336 3745 alio
1397 3698 1590 3763 quam
1656 3676 1736 3743 de
1798 3677 2051 3760 oaqiuae
2103 3678 2347 3763 spiculo
2392 3683 2769 3765 usurpatur,
2818 3680 2910 3745 ita
2954 3684 3033 3744 ut

615 3786 839 3855 'verba
885 3786 1116 3853 misere
1164 3783 1506 3873 abundent.

723 4001 839 4070 IV.
914 3998 1022 4066 98.
1103 3998 1231 4065 άπὸ
1303 3996 1518 4064 τούτου
1590 3994 1920 4078 ἀρξάμενοι
1990 4000 2098 4063 τοῦ
2168 3994 2385 4077 χρόνον
2460 3994 2647 4062 λύετε
2705 3994 2900 4073 α”μμα
2968 3992 3031 4061 ἓν

637 4109 862 4184 ἓκάςης
915 4106 1174 4187 ἡμέρης·
1225 4105 1296 4180 ἣν
1338 4105 1402 4170 δὲ
1451 4105 1512 4169 ἐν
1557 4102 1751 4185 τούτῳ
1800 4104 1884 4184 τῷ
1930 4101 2124 4185 χρόνῳ
2169 4105 2258 4181 μῆ
2309 4102 2515 4183 παρέω
2564 4102 2741 4167 άλλᾶ
2790 4100 3029 4178 διεξέλ-

636 4218 774 4281 θωσι
831 4216 973 4291 ὑμῖν
1021 4214 1101 4279 αἱ
1153 4211 1490 4292 ἡμέραι,
1541 4210 1669 4276 κτὲ.
1748 4208 1839 4275 ¹Si
1885 4211 1976 4275 sie
2022 4211 2381 4296 scripseris,
2436 4229 2627 4276 nemo
2672 4229 2797 4275 non
2841 4207 3033 4275 intel·

633 4319 808 4408 leget
867 4321 935 4387 αἱ
1003 4316 1223 4401 ἧμέραι
1288 4314 1645 4407 significare
1713 4316 1809 4382 αἱ.
1870 4315 1985 4381 διὰ·
2019 4320 2138 4383 τῶν
2186 4314 2503 4395 ἁμμάτων
2548 4312 3027 4394 σεσημασμέναι

639 4427 857 4507 ἡμέραι
878 4473 895 4506 ,
966 4428 1180 4512 itaque
1247 4444 1502 4511 prorsus
1569 4442 2033 4510 supervacuum
2111 4427 2208 4489 est
2256 4422 2449 4508 -quod
2510 4420 2713 4509 vulgo
2774 4420 3033 4487 additur
