3414 5158
1466 392 1695 445 mmo.
2648 372 2781 469 327

471 562 704 629 Paucis
781 562 1176 649 interpositis
1232 560 1509 649 legitur:
1578 559 1965 644 βιαζομένων
2031 560 2095 628 δὲ
2155 559 2261 628 καὶ
2328 560 2785 629 ἀντιτεινόντων

377 669 714 749 ἀλλήλοις,
763 670 849 743 εἷς
898 667 1086 748 μέσον
1133 667 1697 747 ὡμολόγησαν
1748 677 1869 746 γῆν
1916 666 2032 747 μὶν
2084 668 2189 733 καὶ
2240 667 2435 743 otniae
2485 690 2781 734 κατανει-

378 774 692 855 μαμένους
756 775 1152 855 ἰδιώσασθαι,
1222 775 1364 847 τοὺς
1422 772 1490 838 δὲ
1545 772 1679 855 πρὶν
1729 774 2243 854 φυλαττομένους
2296 775 2401 841 ὑπ’
2451 775 2654 841 αὐτῶν
2701 778 2781 849 ὥς

379 882 720 963 ἐλευθέρους
740 928 758 960 ,
825 882 1048 962 φίλους
1109 904 1183 945 τε
1247 879 1352 946 καὶ
1400 880 1670 961 τροφέας
1689 928 1710 965 ,
1758 879 2206 959 δουλωσάμενοι
2253 880 2397 947 τότε
2446 880 2779 963 περιοίκους

377 1010 449 1053 τε
520 987 626 1052 καὶ
697 987 941 1060 οἷκέτας
1014 985 1298 1066 ἔχοντες,
1368 985 1545 1052 αὐτοὶ
1610 987 1887 1065 πολέμου
1948 1012 2019 1054 τε
2070 988 2175 1053 καὶ
2224 993 2521 1071 φυλακῆς
2570 988 2775 1056 αὖτῶν

377 1093 805 1173 ἐπιμελεῖσθαι
855 1093 928 1179 (l.
978 1092 1438 1179 ἐπιμέλεσθαι).
1485 1092 1859 1159 Inauditum
1907 1100 2006 1162 est
2053 1095 2381 1174 ὁμολογεῖν
2430 1095 2519 1168 εἷς
2560 1093 2769 1173 μέσον.

375 1200 512 1266 Aut
575 1198 796 1284 fallor,
862 1207 975 1267 aut
1039 1198 1228 1265 Plato
1292 1198 1552 1266 dederat
1569 1246 1588 1278 ‚
1645 1200 1815 1286 quod
1861 1221 1983 1268 usu
2030 1205 2263 1268 tritum
2312 1206 2408 1269 est
2457 1202 2545 1273 ele,-
2590 1200 2779 1279 μέσον

377 1329 416 1369 σ
435 1328 470 1369 υ
487 1330 517 1370 ν
534 1304 563 1370 έ
577 1306 628 1382 β
647 1332 680 1381 η
701 1328 740 1369 σ
761 1329 805 1370 α
822 1329 852 1370 ν
868 1352 886 1383 ,
935 1326 1130 1391 quam
1178 1303 1524 1371 formulam
1563 1308 1774 1372 neseio
1812 1308 1956 1392 quis
1994 1309 2447 1393 interpretatus
2489 1311 2587 1374 est
2608 1307 2776 1399 gloe-

376 1416 622 1477 semate
688 1410 1134 1490 ὡμολόγησαν,
1200 1410 1402 1496 quod,
1450 1416 1526 1477 ut
1569 1408 1675 1487 fit,
1726 1413 1795 1477 in
1843 1417 2097 1479 textum
2144 1432 2211 1479 se
2256 1415 2611 1481 insinuavit
2656 1432 2771 1499 pre

377 1517 658 1604 genuina
702 1536 882 1583 vooe.

467 1620 544 1688 E..
592 1622 685 1688 Τὸ
729 1621 795 1688 δέ
840 1646 923 1701 γε
967 1624 1304 1702 φοβεῖσθαι
1351 1622 1492 1697 τοὺς
1540 1624 1771 1706 σοφοὺς
1820 1623 1921 1689 ἐπὶ
1968 1624 2088 1698 τὰς
2136 1624 2349 1708 ἀρχὰς
2393 1622 2600 1705 ἄγειν,
2648 1623 2770 1693 ἅτε

377 1728 576 1794 οὐκέτι
640 1727 979 1808 κεκτημένη
1044 1729 1287 1803 ἁπλοῦς
1342 1752 1415 1796 τε
1478 1730 1584 1795 καὶ
1647 1718 1887 1806 ἀτενεῖς
1957 1732 2097 1805 τοὺς
2171 1732 2473 1801 τοιούτους
2543 1730 2767 1815 ἄνδρας

376 1834 553 1902 ἄλλα
599 1834 855 1915 μικτούς
902 1835 976 1915 (l.
1015 1834 1373 1922 μεικτούς),
1416 1835 1516 1902 ἐπὶ
1560 1837 1625 1904 δὲ
1664 1837 1807 1911 τοὺς
1846 1837 2177 1916 θυμοειδεῖς
2203 1863 2275 1904 τε
2302 1838 2407 1905 καὶ
2434 1847 2771 1907 ΛΠΛΟΤ·

379 1949 762 2009 eTePo'rc
823 1942 1178 2009 ἀποκλίνειν
1196 1989 1214 2021 ,
1281 1941 1422 2016 τοὺς
1471 1942 1616 2024 πρὸς
1664 1942 1971 2022 πολέμους
2018 1948 2268 2024 μᾶλλον
2314 1945 2679 2028 πεφυκότας
2734 1945 2769 2021 ἢ

374 2048 520 2129 πρὸς
584 2050 812 2131 εἰρήνην
833 2098 852 2128 ,
919 2048 1026 2115 καὶ
1074 2048 1216 2121 τοὺς
1267 2048 1400 2131 περὶ
1451 2054 1664 2115 ταῦτα
1714 2049 1928 2125 δόλους
1978 2076 2050 2117 τε
2098 2050 2205 2117 καὶ
2254 2053 2556 2135 μηχανὰς
2608 2051 2769 2118 ἐντί-

372 2178 502 2234 μως
552 2152 723 2239 ἔχειν
771 2154 838 2243 (l.
889 2153 1098 2243 ἄγειν)
1123 2204 1142 2234 ,
1192 2154 1297 2222 καὶ
1346 2160 1714 2236 πολεμοῦσα
1760 2156 1864 2222 τὸν
1904 2156 2002 2223 ἀεὶ
2041 2155 2256 2239 χρόνον
2298 2157 2561 2244 διάγειν,
2606 2158 2767 2233 αὐτῆ

373 2261 598 2339 ἑαυτῆς
644 2256 728 2327 αὖ
774 2263 860 2327 τὰ
911 2261 1126 2329 πολλὰ
1173 2268 1292 2327 τῶν
1339 2262 1623 2329 τοιούτων
1668 2262 1797 2329 ἴδια
1847 2260 1987 2340 ἕξει.
2086 2262 2225 2330 Sub
2268 2262 2577 2332 vocabula
2627 2283 2769 2330 ma-

371 2368 602 2436 nifesto
651 2368 994 2455 depravata
1038 2388 1166 2435 non
1212 2353 1411 2435 latere
1447 2370 1709 2435 videtur
1744 2368 2203 2450 ποικιλωτέρους
2222 2420 2243 2447 .
2287 2370 2456 2456 quod
2502 2370 2771 2437 coniecit

371 2474 526 2553 Ast,
587 2473 698 2541 sed
760 2482 1498 2561 AMoTcoTePOTC,
1561 2476 2209 2557 ἁμουσοτέρους.
2275 2474 2375 2543 Of.
2420 2497 2483 2562 p.
2536 2473 2667 2541 548
2715 2472 2767 2543 G

373 2584 440 2646 et
486 2576 576 2659 E,
623 2581 747 2646 nisi
793 2581 988 2646 etiam
1033 2579 1520 2665 praeferendum
1569 2581 2101 2659 ὑπαμουσοτέ
2116 2605 2337 2667 ρους,
2393 2581 2563 2668 quod
2602 2601 2769 2648 eom-

371 2687 657 2772 positum
719 2684 964 2776 legitur
1023 2686 1144 2752 sub
1206 2685 1296 2770 E,
1346 2685 1470 2752 nisi
1518 2685 1689 2773 quod
1735 2687 2139 2769 ἀμουσότερον
2186 2688 2280 2755 ibi
2328 2688 2541 2755 editur
2589 2689 2764 2753 ὑπο-

373 2790 800 2876 αμουσότερον.
867 2791 992 2873 Qui
1034 2789 1214 2858 loeus
1260 2793 1396 2878 ipse
1441 2789 1727 2859 laborare
1764 2792 2020 2860 videtur
2064 2795 2157 2861 sie
2204 2796 2506 2880 scriptus:
2559 2795 2767 2860 Αὖθα-

372 2896 605 2980 ais-sm
680 2924 751 2965 τε
829 2897 928 2966 δεῖ
999 2897 1190 2964 αὐτόν
1209 2945 1228 2978 ,
1302 2892 1370 2972 ἦν
1442 2897 1494 2962 δ’
1564 2897 1686 2978 ἐγώ
1710 2944 1729 2978 ,
1796 2896 1949 2964 εἶναι
2023 2899 2127 2967 καὶ
2200 2898 2725 2980 ὑποαμουσότερον
2742 2946 2761 2978 ,

368 3003 748 3088 φιλόμουσον
796 3005 856 3071 δὲ
905 3005 1010 3072 καὶ
1061 3004 1357 3090 φιλήκοον
1402 3003 1556 3089 μέν,
1605 3011 2099 3073 PHTOPIKON
2154 3002 2211 3072 δ’
2262 3007 2562 3084 οὐδαμῶς.

462 3111 632 3193 Quid
665 3113 836 3178 enim
863 3112 986 3178 sibi
1008 3111 1115 3178 hie
1139 3114 1295 3179 velit
1315 3111 1647 3194 ῥητορικόν,
1677 3111 1847 3198 quod
1872 3132 1910 3178 a
1934 3112 2311 3200 philosopho
2334 3131 2458 3178 non
2482 3111 2550 3178 in
2575 3110 2767 3180 laude

369 3219 479 3286 sed
526 3221 592 3286 in
640 3217 962 3304 vituperio
1001 3221 1149 3302 poni
1191 3216 1354 3286 solet
1373 3266 1390 3296 ,
1431 3238 1558 3285 non
1596 3219 1878 3307 expedio.
1931 3219 2160 3286 Potius
2200 3225 2491 3306 expectes
2514 3218 2761 3287 διαλεκ-

367 3324 534 3393 τικόν
555 3372 572 3406 ,
640 3325 808 3412 qued
879 3331 1098 3390 tamen
1163 3345 1289 3392 non
1351 3325 1536 3392 facile
1598 3328 1691 3393 sie
1753 3328 1967 3412 potuit
2031 3326 2381 3413 depravari.
2457 3324 2647 3394 Venit
2692 3329 2761 3392 in

369 3435 653 3498 mentem
701 3451 782 3497 an
825 3430 988 3497 forte
1033 3427 1221 3496 Plato
1259 3432 1582 3516 scripserit
1617 3439 2213 3507 ΘΕΩΡΗΤΙΚΟΝ,
2272 3432 2762 3511 θεωρητικὸν

368 3537 422 3604 δ’
472 3536 770 3618 οὐδαμῶς.
853 3536 1146 3604 Arctiote
1193 3535 1454 3622 quidem
1499 3556 1626 3602 nou
1672 3536 1900 3604 latiore
1945 3538 2244 3605 vocabuli
2290 3558 2478 3605 sensu
2522 3538 2716 3605 bomo
2738 3587 2757 3624 ,

369 3644 448 3711 de
510 3664 633 3730 quo
692 3643 798 3711 hie
859 3647 1110 3732 agitur,
1178 3642 1416 3710 dicitur
1459 3663 1592 3710 esse
1637 3643 2015 3726 φιλόμουσος
2034 3693 2053 3729 ,
2099 3665 2251 3710 nam
2300 3665 2337 3710 a
2382 3643 2760 3711 sublimiore

365 3747 485 3817 illa
529 3733 772 3816 musica
789 3799 808 3836 ,
858 3769 1020 3835 quae
1066 3747 1322 3816 Platoni
1370 3753 1466 3816 est
1511 3748 1948 3835 philosophia,
2000 3755 2098 3816 est
2143 3749 2427 3817 alienior.
2498 3749 2755 3816 Nihilo-

367 3858 586 3922 minus
662 3855 1036 3942 scrupulum
1108 3861 1325 3924 movet
1347 3904 1364 3934 ,
1429 3855 1598 3943 quod
1660 3855 1767 3922 bie
1828 3855 2123 3924 vocabuli
2182 3857 2533 3938 θεωρητικός
2604 3875 2759 3922 usus

366 3963 582 4049 magis
642 3959 1090 4028 Aristotelious
1151 3981 1345 4047 quam
1394 3959 1766 4029 Platonicus
1810 3981 1945 4030 esee
1988 3963 2265 4031 videtur.
2338 3962 2505 4030 Aliis
2550 3962 2758 4054 igitur

367 4087 507 4135 rem
572 4070 982 4135 committens
1043 4071 1110 4134 in
1170 4069 1330 4154 ipsis
1389 4070 1798 4154 sequentibus
1842 4090 1904 4156 p.
1957 4067 2086 4136 549
2134 4072 2280 4136 init.
2328 4089 2591 4156 repono:
2649 4070 2754 4135 καὶ

369 4171 602 4248 δούλοις
664 4173 778 4246 μέν
837 4197 962 4248 τις
1027 4172 1120 4238 ἂν
1185 4174 1324 4261 (pro
1381 4174 1565 4260 τισιν)
1613 4172 1825 4256 ἄγριος
1874 4172 1966 4252 εἴη
2014 4175 2043 4241 ὃ
2089 4178 2395 4260 τοιοῦτος,
2439 4176 2509 4240 ού
2555 4198 2756 4242 κατα-

365 4286 595 4362 φρονῶν
637 4279 895 4365 δούλων,
937 4276 1136 4360 ὥσπερ
1176 4281 1204 4346 ὁ
1243 4283 1463 4354 ἱκανῶς
1502 4280 2024 4360 πεπαιδευμένος,
2068 4281 2391 4362 ἐλευθέροις
2434 4279 2499 4347 2³
2536 4281 2752 4363 ἥμερος

367 4387 502 4454 xri.
566 4387 706 4469 Qua
762 4388 834 4453 in
893 4407 964 4454 re
1003 4406 1087 4453 ne
1130 4388 1491 4454 coniectura
1536 4387 1799 4474 quidem
1845 4406 2005 4474 opus
2048 4393 2179 4466 est,
2233 4389 2386 4476 quia
2430 4407 2545 4475 pro
2594 4409 2751 4455 τισιν

366 4497 436 4566 iu
483 4493 862 4586 quibusdam
908 4491 1092 4560 libris
1137 4497 1234 4560 est
1278 4517 1369 4565 τις
1396 4539 1414 4574 ,
1463 4494 1531 4560 iu
1579 4513 1709 4561 uno
1755 4491 1985 4590 Angel.
2033 4515 2125 4572 τις
2176 4489 2275 4576 ἄν,
