3414 5158
697 263 788 333 80
1691 273 2083 328 monemus.

792 448 864 514 In
927 447 1158 520 Codice
1222 447 1280 514 R
1341 467 1454 532 pro
1515 447 1652 520 τοὺς
1718 446 1781 512 δὲ
1829 446 2071 518 δούλους
2120 447 2433 532 scriptum
2479 448 2575 512 est
2624 440 2751 518 οὕς.
2848 441 3135 532 Nempe

697 555 1064 621 exciderant
1125 563 1380 640 propter
1423 551 1879 630 ὃμοιοτέλευτον
1929 553 2123 618 verbe.
2168 555 2337 636 [τοὺς
2385 552 2449 617 δὲ
2498 551 2781 636 δούλους]
2802 597 2821 629 ,
2870 552 3129 618 deinde

697 667 1006 726 corrector
1049 663 1285 726 inserto
1332 655 1430 731 οὕς
1479 660 1783 725 damnum
1839 666 2186 744 utcumque
2235 660 2515 725 sarcivit.

788 873 894 939 IV.
963 873 1038 938 3:
1111 875 1178 939 ἐκ
1242 875 1470 940 τούτων
1530 873 1602 948 δὴ
1667 870 1745 938 ὦν
1810 880 1926 957 σφι
1988 875 2105 938 τῶν
2170 872 2399 938 δούλων
2462 874 2566 938 καὶ
2617 881 2734 940 τῶν
2781 877 3108 954 γυναικῶν

695 977 982 1060 Ἐτροὲφη
1034 979 1264 1054 νεότης.

783 1085 986 1152 Unice
1056 1107 1205 1152 vera
1267 1093 1362 1152 est
1431 1084 1685 1153 Codicis
1752 1086 1807 1151 R.
1872 1091 2187 1173 scripture
2253 1084 2636 1169 ἘΠετροίφη
2663 1136 2677 1162 ,
2745 1088 2869 1151 nisi
2920 1086 3103 1171 quod

692 1193 898 1258 scriba
945 1192 1293 1259 dormitans
1342 1192 1706 1273 ἐπεστράφη
1760 1197 2113 1279 supposuit.
2207 1192 2361 1258 Dixi
2409 1194 2488 1258 de
2536 1213 2609 1258 ee
2656 1213 2725 1258 re
2772 1212 2983 1278 supra.

775 1405 884 1470 IV.
936 1405 1035 1472 2:-
1062 1414 1302 1489 φυσῶσι
1355 1410 1534 1494 [τοῖσι
1583 1407 1866 1492 eduxere}

779 1511 1103 1579 Omissum
1152 1523 1281 1580 est:
1332 1522 1490 1580 τοῖσι
1538 1517 1771 1592 ςόμασι
1818 1517 1888 1579 in
1936 1513 2017 1579 R.
2068 1520 2270 1593 recte,
2321 1521 2395 1580 ut
2442 1518 2694 1600 opinor:
2743 1535 2867 1581 non
2910 1519 3089 1582 enim

687 1617 872 1684 aliter
919 1629 1227 1703 poterant.
1322 1620 1396 1686 In
1445 1621 1896 1707 Aristophanis
1946 1621 2281 1706 [qs-vistrum
2327 1621 2405 1686 ad
2458 1643 2548 1688 vs.
2602 1620 2755 1687 294.
2804 1628 2921 1702 φῦ,
2963 1628 3085 1706 φῦ,

687 1722 1042 1791 Scholiasta
1088 1735 1347 1791 annotat
1393 1735 1570 1808 φυσᾷ
1622 1730 1704 1804 τῷ
1755 1726 2018 1802 ςὸμοιτι,
2070 1731 2160 1793 sic
2205 1736 2345 1792 tum
2394 1720 2832 1812 loquebantur.

781 1828 1099 1896 Continuo
1171 1832 1494 1915 sequitur:
1569 1831 1750 1895 ἄλλοι
1820 1833 1883 1896 δὲ
1957 1831 2225 1918 [ἄλλων]
2299 1839 2629 1913 φυσώντων
2701 1832 3075 1911 ἀμέλγουσι.

683 1934 1150 2022 Interpoletum
1201 1947 1297 2002 est
1344 1935 1552 2002 ἄλλων
1593 1938 1672 2002 eb
1714 1958 1786 2003 eo
1826 1940 1937 2022 qui
1977 1937 2277 2005 haerebat
2314 1942 2382 2004 in
2423 1943 2752 2020 φυσώντων
2792 1939 3083 2006 absolute

683 2044 909 2126 posito.

778 2145 1152 2212 Ridiculum
1229 2153 1325 2214 est
1386 2146 1595 2213 ἄλλων
1643 2147 1932 2214 additum
1954 2197 1972 2228 ,
2021 2151 2201 2235 quasi
2240 2150 2374 2216 fieri
2414 2151 2724 2236 potuisset
2762 2155 2838 2216 ut
2876 2150 3074 2216 iidem

685 2262 892 2318 essent
959 2254 1010 2318 οἱ
1071 2260 1392 2332 φυσῶντες
1439 2262 1504 2320 et
1548 2255 1601 2319 οἱ
1650 2256 2061 2332 ἀμέλγοντες.
2157 2257 2349 2322 Simul
2373 2261 2540 2340 flare
2585 2266 2643 2322 et
2688 2258 2952 2341 sorbere,
2999 2261 3077 2321 ut

679 2361 862 2424 aiunt
879 2405 898 2436 ‚
950 2359 1194 2444 difficile
1240 2366 1344 2425 eet.

766 2574 878 2642 IV.
928 2575 1006 2643 4:
1055 2574 1277 2656 μάχης
1325 2601 1396 2641 τε
1444 2574 1817 2641 ἐπελάθοντο
1867 2575 1973 2640 καὶ
2023 2573 2356 2656 ἕφΕ-Τγον.

763 2680 1000 2749 Sensus
1048 2690 1172 2748 est:
1215 2705 1457 2767 puyuae
1505 2684 1865 2745 immemores
1908 2682 1978 2745 in
2003 2683 2233 2766 fugam
2279 2704 2343 2747 οε
2386 2700 2723 2749 mmmmm
2738 2732 2753 2761 ,
2797 2704 2925 2749 non
2946 2700 3058 2749 m·

672 2806 860 2854 ΒΑΜ.
906 2786 1131 2873 Itaque
1177 2787 1642 2853 emendandum
1690 2787 1795 2851 καὶ
1848 2786 2121 2867 ἔφΤγον.

759 3000 866 3065 IV.
918 3000 988 3066 5:
1039 3000 1138 3066 ἐπὶ
1184 3000 1250 3066 δὲ
1296 2998 1524 3064 τούτων
1571 2997 1904 3079 ἀρχόντων.

757 3104 938 3170 Stein
985 3106 1296 3185 ἀρχόντων
1343 3104 1624 3171 deletum
1673 3104 1915 3189 voluit,
1963 3105 2119 3190 quid
2165 3126 2389 3171 causae
2437 3105 2733 3172 habuerit
2772 3126 2896 3171 non
2935 3126 3043 3171 ex·

663 3216 838 3295 puto.
891 3210 1150 3275 Dictum
1196 3217 1292 3275 est
1339 3216 1413 3275 ut
1461 3208 1510 3273 Ι.
1567 3209 1727 3273 134:
1779 3210 1891 3274 arxi·
1926 3210 1991 3275 δὲ
2040 3211 2263 3285 Μήδων
2312 3212 2644 3291 ἀρχόντων.
2706 3210 2831 3276 Eos
2878 3210 3039 3297 Scy-

662 3317 836 3381 thiae
889 3318 1288 3402 imperitasse
1335 3315 1613 3381 declarat
1656 3316 1833 3381 locus
1878 3338 2013 3402 cap.
2068 3316 2145 3379 5:
2195 3319 2335 3389 τοὺς
2378 3317 2825 3396 πρεσβυτέρους
2863 3316 3041 3381 ἁδελ-

661 3420 850 3503 φεοὺς
901 3458 984 3471 -
1034 3425 1144 3495 τὴν
1207 3422 1544 3500 βασιληΐην
1593 3426 1807 3487 πᾶσαν
1854 3423 2241 3505 παραδοῦναι
2292 3424 2375 3505 τῷ
2426 3425 2730 3505 νεωτάτῳ.
2826 3422 3041 3509 Itaque

659 3529 754 3595 nil
799 3529 1208 3596 movendum.

746 3744 857 3813 IV.
909 3746 984 3812 5:
1033 3747 1214 3827 τρίτῳ
1247 3746 1322 3811 ’δὲ
1370 3746 1454 3826 τῶ
1501 3744 1785 3825 νεωτάτῳ
1832 3742 2145 3809 ἐπελθόντι
2194 3752 2645 3820 καταΟΤῆναι.

745 3852 853 3919 Sic
899 3858 995 3918 est
1040 3856 1350 3937 seriptum
1397 3854 1468 3915 in
1512 3850 1694 3916 libris
1734 3852 2016 3935 antiquis
2062 3850 2175 3915 AB
2222 3852 2357 3915 sine
2404 3872 2610 3916 sensu.
2692 3848 3033 3937 Egregium

652 3958 990 4026 lectionem
1056 3958 1116 4023 R
1163 3957 1340 4023 affert
1387 3965 1824 4032 κατασΒῆναι,
1874 3959 1943 4021 id
1989 3962 2087 4021 est
2135 3956 2659 4033 κατασβεσθῆναι.
2757 3954 3032 4038 Utraque

654 4069 823 4131 enim
890 4064 1096 4131 for'ma
1158 4063 1493 4128 Veteribus
1551 4064 1620 4125 in
1667 4082 1789 4125 usu
1837 4062 1997 4138 fuit,
2047 4062 2155 4127 sed
2204 4065 2523 4147 antiquior
2568 4070 2664 4127 est
2712 4062 3023 4135 οὶπέσβην,

654 4172 1008 4250 κατέσβην,
1082 4168 1463 4247 α’πέσβηκα,
1529 4167 1924 4245 κατέσβηκα.
1990 4169 2328 4247 Ἀποσβεΐς
2388 4178 2485 4234 est
2550 4168 2719 4253 apud
2784 4166 3027 4251 Hipposs

653 4287 911 4343 cratem.

739 4382 1102 4449 Herodotus
1149 4385 1260 4467 qui
1305 4382 1372 4447 h.
1418 4379 1465 4446 l.
1513 4380 1672 4446 dicit
1721 4381 2162 4465 κατασβῆναι,
2207 4383 2277 4446 in
2314 4378 2480 4448 libro
2518 4379 2567 4445 I.
2612 4376 2721 4443 87.
2766 4378 3025 4443 dixerat:
