3414 5158
638 340 771 408 364
1668 361 1989 410 nomos.

910 523 1188 604 ἄκμονας
1236 521 1358 600 ἦκα
1405 525 1557 605 δύω,
1605 523 1740 604 περὶ
1789 524 1973 608 χερσὶ
2025 525 2086 590 δὲ
2135 524 2360 604 δεσμὸν
2405 523 2556 600 ἵηλα

910 631 1169 715 χρύσεον
1218 630 1508 713 ἄρρηκτον
1528 653 1547 711 3
1595 630 1671 696 σὺ
1721 631 1774 696 δ’
1823 632 1884 696 ἐν
1932 629 2117 712 αίθέρι
2164 624 2274 697 καί
2322 631 2647 714 νεφέλῃσιν

914 738 1251 818 ἐκρέμω·
1300 737 1561 820 ἦλᾴςεον
1608 737 1673 804 δὲ
1722 739 1838 804 θεοὶ
1888 739 2060 804 κατὰ
2111 737 2349 820 μακρὸν
2387 741 2753 814 Ὄλυμπον.

632 845 749 911 Bis
792 845 1029 911 scribe:
1081 844 1253 924 ἐκρέ
1272 847 1482 922 μασ’,
1525 844 1801 911 alterum
1843 865 1954 932 pro
1996 846 2315 925 ἐκρέμασα
2339 893 2360 930 ,
2399 845 2671 911 alterum
2712 864 2828 930 pro
2869 843 3028 922 ἐκρέ-

633 975 823 1030 μασο.
896 948 995 1019 Cf.
1044 950 1163 1032 Qu.
1215 950 1411 1017 Hom.
1461 972 1523 1036 p.
1580 947 1727 1016 131.

730 1175 785 1230 O
839 1163 1005 1234 1¹79:

1042 1272 1283 1349 ήπείλει
1332 1270 1439 1338 καὶ
1487 1279 1676 1346 κεῖνος
1727 1273 2066 1351 ἐναντίβιον
2114 1270 2580 1356 πολεμίζων
2703 1297 2708 1302 ·

1045 1377 1242 1444 ἔνθαδ’
1290 1377 1671 1444 ἐλεύσεσθαι.

634 1485 843 1573 Lege:
890 1483 1379 1564 πολεμίξων.
1454 1483 1554 1553 Of.
1605 1484 1725 1567 Qu.
1773 1483 1969 1552 Hom.
2023 1507 2088 1571 p.
2143 1484 2290 1552 103.

726 1698 896 1764 Satis
944 1697 1222 1764 creditur
1265 1697 1678 1784 interpolatos
1724 1719 1859 1765 esse
1907 1697 2254 1767 versiculos
2304 1709 2359 1764 Ο
2409 1696 2544 1764 218
2591 1715 2750 1784 sqq.:

861 1802 1020 1870 ἄλλο
1068 1803 1132 1870 δέ
1177 1829 1267 1869 τοι
1318 1804 1493 1885 ἐρέω.
1544 1805 1647 1871 καὶ
1698 1807 2016 1882 ἀπειλήσω
2068 1805 2219 1884 τόγε
2270 1807 2434 1886 θυμῷ
2455 1827 2472 1844 ·

863 1908 1033 1975 οιίκεν
1064 1907 1223 1975 ἄνευ
1271 1911 1482 1988 ἐμέθεν
1526 1912 1632 1978 καὶ
1683 1912 2012 1987 ’Λθήναίης
2061 1913 2357 1992 ἀγελείης

856 2016 1094 2095 Ἥρης
1144 2017 1196 2080 θ’
1243 2017 1577 2097 Ἑρμείω
1624 2041 1711 2083 τε
1759 2017 1892 2083 καὶ
1943 2018 2380 2099 Ἡφαίςοιο
2427 2015 2784 2087 ἄνακτος

870 2120 1054 2186 Ἰλίου
1100 2122 1379 2197 αἲπεινῆς
1426 2123 1879 2204 πεφιδήσεται,
1930 2122 2052 2190 οὐδ’
2104 2123 2376 2200 ἐθελήσει

864 2227 1191 2313 ἐκπέρσαι,
1239 2230 1441 2294 δοῦναι
1492 2227 1553 2294 δὲ
1601 2229 1780 2309 μέγα
1831 2229 2050 2313 κράτος
2099 2231 2499 2315 Ἀργεΐοισιν,

866 2332 975 2402 Τςω
1021 2334 1203 2410 τοῦθ’,
1252 2333 1343 2400 ὅτι
1388 2341 1521 2401 νῶιν
1566 2336 1858 2413 ἅνήκεςος
1903 2335 2094 2417 χόλος
2145 2335 2306 2406 kae.

638 2439 909 2506 Etiamsi
954 2441 1061 2507 hic
1106 2440 1285 2508 locus
1329 2442 1750 2529 interpolatus
1797 2444 1918 2522 sit,
1965 2443 2134 2530 quod
2170 2463 2340 2510 nunc
2379 2462 2504 2508 non
2529 2441 2819 2528 disputo,
2846 2440 3028 2508 vides

638 2551 854 2614 tamen
902 2547 1453 2634 interpolationem
1508 2549 1985 2635 interpolationi
2033 2548 2550 2635 superinductam
2596 2548 2790 2614 fuisse
2807 2597 2826 2631 ‚
2873 2567 3028 2613 nam

636 2673 981 2740 pronomen
1044 2660 1174 2720 νῶιν
1238 2658 1307 2719 in
1336 2662 1639 2735 „extremo
1686 2678 1878 2723 versu
1922 2655 2282 2722 luculenter
2327 2658 2580 2743 arguit,
2628 2657 2845 2741 spuria
2891 2674 3030 2721 esse

635 2761 831 2827 verba
852 2810 869 2845 ,
918 2780 1081 2847 quae
1126 2760 1408 2828 diductis
1456 2760 1661 2828 literis
1704 2764 1943 2829 notavi.

734 2980 789 3037 Ο
841 2973 1006 3039 401:

821 3080 998 3145 ἀλλὰ
1045 3079 1116 3145 σὲ
1162 3081 1277 3158 μὲν
1325 3077 1599 3161 θεράπων
1647 3105 1697 3146 π
1714 3104 1742 3147 ο
1761 3105 1834 3147 τι
1853 3106 1896 3147 τ
1911 3106 1940 3147 ε
1959 3105 1990 3164 ρ
2007 3104 2056 3147 π
2071 3080 2100 3149 ἑ
2116 3108 2156 3147 τ
2177 3106 2219 3147 ω
2241 3132 2260 3161 ,
2309 3080 2510 3162 αὐτὰρ
2560 3080 2789 3161 ἔγωγε.
3021 3162 3026 3165 ¹

636 3184 843 3251 Miror
901 3186 1021 3252 hoc
1078 3189 1505 3273 compositum
1526 3236 1543 3273 ,
1609 3208 1812 3274 quum
1859 3190 2055 3255 moris
2102 3190 2188 3253 sit
2235 3188 2443 3254 dicere
2489 3188 2617 3253 ἐπι
2635 3212 2676 3253 τ
2691 3212 2722 3253 ε
2737 3212 2768 3268 ρ
2786 3211 2836 3252 π
2854 3186 2884 3252 ί
2900 3210 2939 3252 τ
2958 3210 3028 3253 ω.

732 3406 787 3463 Ο
840 3396 1005 3465 523:
1062 3444 1065 3449 -

916 3506 1118 3587 αὐτὰρ
1164 3500 1204 3571 ὅ
1243 3530 1323 3585 γε
1372 3506 1781 3586 Κροίσμου
1829 3507 2005 3581 τῆθος
2051 3506 2237 3586 μέσον
2283 3506 2515 3573 οὔτασε
2560 3505 2736 3585 δουρί.

635 3610 765 3677 Hic
802 3611 865 3679 Ν
869 3612 1133 3678 auckius
1171 3634 1294 3678 non
1334 3612 1607 3677 attendit
1648 3612 2030 3679 barochium
2048 3616 2186 3700 Jam
2213 3614 2370 3679 bene
2392 3615 2734 3679 correxisse
2757 3619 3034 3689 Κροῖσ-

634 3742 734 3799 μο
752 3743 801 3784 ν.
852 3718 951 3784 Ad
992 3740 1133 3784 eam
1172 3740 1307 3783 rem
1346 3718 1733 3804 probandam
1761 3719 2061 3805 putidum
2086 3727 2182 3786 est
2204 3720 2374 3786 locos
2399 3719 2768 3786 adscribere.
2815 3716 3032 3783 Sicuti

635 3810 1037 3893 accusativus
1082 3845 1231 3891 cum
1272 3826 1633 3891 accusativo
1656 3874 1671 3900 ,
1721 3825 1812 3890 sic
1853 3828 2048 3892 etiam
2096 3826 2352 3893 dativus
2387 3846 2536 3891 cum
2579 3824 2794 3893 dativo
2832 3842 3029 3909 copu-

520 3936 525 3941 ’
632 3930 841 3999 latur:
891 3942 936 3997 P
980 3930 1149 3999 269:

1559 4038 1734 4119 ἀμφὶ
1783 4036 1834 4102 δ’
1879 4036 2004 4118 ἄρα
2051 4041 2202 4118 σφιν

1042 4152 1405 4228 λαμπρῇσιν
1454 4142 1759 4225 κορύθεσσι
1811 4146 2061 4225 Κρονίων
2108 4144 2254 4225 ήέρα
2296 4145 2532 4221 πολλῆν

1045 4256 1222 4333 χεῦε.

637 4356 752 4424 Uti
800 4362 865 4423 et
912 4368 965 4423 Σ
1016 4356 1187 4423 3¹75:

954 4464 1199 4547 χρύσεα
1244 4460 1310 4530 δέ
1356 4464 1469 4547 σφ’
1518 4465 1633 4531 ὑπὸ
1681 4464 1883 4534 κύκλα
1932 4464 2134 4547 ἑκάς-ῳ
2177 4461 2436 4543 πυθμένι
2486 4463 2686 4541 θῆκεν.
