3414 5158
673 334 762 401 34
1675 352 2036 401 munuum.

669 517 826 582 dum
857 515 1063 583 addit:
1104 518 1370 591 τιμᾶται
1410 514 1472 580 δὲ
1495 514 1736 594 σφόδρα
1760 516 1823 579 ἐν
1849 514 2069 597 Αἰγίνῃ
2094 512 2418 579 Ἀπόλλων
2457 514 2595 579 καὶ
2624 514 2761 593 Ἀρ
2784 537 2867 579 τε
2888 538 3042 592 μις.

667 622 890 707 Neque
958 642 1183 687 verum
1253 624 1352 685 est
1409 620 1759 685 Pindarum
1823 620 2017 701 τούτῳ
2081 619 2474 701 πλεονάζειν,
2539 641 2690 685 nam
2738 624 2837 686 est
2884 641 3049 686 unus

667 731 921 793 tantum
967 733 1286 811 praeterea
1331 725 1540 799 locus,
1591 746 1781 811 quem
1830 726 1956 791 huc
1996 727 2463 811 quodammodo
2502 726 2749 792 trahere
2790 729 3041 812 poteris,

665 836 976 898 nimirum
1039 832 1232 920 Pyth.
1280 832 1406 897 VII
1475 830 1594 898 17:
1660 840 1819 896 νῖκαι
1888 869 1969 881 —·
2032 829 2074 895 ὦ
2142 832 2517 919 Μεγάκλεες
2570 832 2771 909 ὑμαί
2824 857 2895 897 τε
2940 832 3044 897 καὶ

665 940 993 1020 προγόνων.
1090 938 1219 1004 Hic
1287 958 1534 1023 quoque
1607 938 1964 1023 Leopoldus
2024 936 2423 1003 Schmidtius
2485 960 2543 1023 p.
2612 937 2699 1003 86
2760 941 3047 1020 sequitur

661 1044 827 1111 Lud.
889 1042 1202 1111 Dindorfii
1262 1046 1705 1110 auctoritatem
1755 1050 1819 1110 et
1866 1044 2189 1109 contendit
2238 1044 2397 1121 ὑμαί
2444 1063 2557 1130 pro
2605 1044 2716 1108 σαί
2758 1065 2890 1111 esse
2934 1064 3045 1129 po·

659 1152 882 1217 situm.
931 1152 1218 1217 Fortasse
1265 1153 1420 1215 satis
1465 1155 1561 1215 est
1605 1152 1696 1215 sic
1744 1150 2122 1235 simpliciter
2166 1170 2398 1237 negare
2444 1170 2645 1235 neque
2692 1156 2909 1215 acutos
2946 1151 3043 1217 vi·

660 1277 798 1341 ros,
861 1259 974 1343 qui
1034 1276 1138 1321 me
1199 1256 1482 1321 doc-trina
1547 1255 1831 1318 multum
1894 1260 2231 1340 superant,
2292 1255 2489 1321 latere
2550 1258 2795 1340 potuit,
2846 1274 3039 1339 quem

659 1368 828 1429 recte
899 1364 1065 1446 apud
1137 1362 1482 1426 Pindarum
1553 1362 1865 1445 scriptum
1922 1363 2010 1426 sit
2072 1361 2269 1445 ὑμαί,
2334 1381 2534 1446 quum
2596 1367 2784 1446 poeta
2842 1359 3040 1426 simul

657 1489 806 1534 cum
860 1468 1153 1556 Megacle
1217 1469 1412 1532 etiam
1469 1466 1741 1531 maiores
1786 1466 1923 1531 eius
1970 1465 2353 1550 alloquatur.
2444 1466 2687 1532 Eadem
2732 1468 2896 1532 ratio
2942 1472 3038 1532 est

657 1574 826 1660 apud
885 1574 1241 1639 Hesiodum
1307 1572 1549 1658 Theog.
1597 1570 1753 1655 662,
1802 1592 1993 1657 quem
2040 1571 2255 1637 locum
2302 1578 2627 1658 praeterea
2672 1574 3033 1639 conferunt:

1153 1678 1456 1761 ῥυσόμεθα
1505 1676 1724 1757 κράτος
1776 1678 1927 1755 ὑμὸν
1974 1679 2034 1741 ἐν
2081 1680 2217 1759 αἰνῇ
2265 1678 2554 1753 δηῖοτῆτι.

652 1786 752 1851 Ibi
799 1784 1025 1853 Gottus
1070 1784 1288 1851 Iovem
1335 1782 1683 1869 alloquitur
1730 1790 1795 1848 et
1841 1782 2161 1870 significat
2208 1804 2273 1848 se
2320 1784 2489 1849 Iovis
2534 1787 2599 1848 et
2642 1781 3032 1868 reliquorum

651 1890 1040 1975 Superorum
1087 1911 1342 1955 causam
1392 1890 1693 1953 adversus
1742 1888 2003 1953 'Pitanae
2050 1891 2367 1973 suscipere
2414 1888 2603 1955 velle.
2695 1886 2821 1955 Sed
2868 1908 3035 1955 arro-

650 1998 866 2083 gantis
911 2000 1006 2061 est
1051 1996 1170 2061 hoc
1216 1994 1528 2060 affirmare
1545 2041 1562 2071 ,
1611 1996 1738 2057 nisi
1786 1994 2030 2059 similes
2079 1993 2249 2059 locos
2288 1995 2565 2061 conferre
2606 1996 2824 2079 possis.
2872 1994 3035 2060 Ecce

651 2103 856 2187 igitur
901 2100 1128 2165 Isthm.
1175 2098 1270 2163 111
1319 2100 1438 2164 21:

1015 2202 1057 2269 ὦ
1109 2206 1372 2274 Μέλισσ·
1421 2205 1823 2285 εὐμαχανίαν
1870 2204 1995 2285 γὰρ
2042 2203 2285 2286 ἔφανας
2338 2204 2622 2284 Ἰσθμίοις

1015 2310 1416 2389 ὑμετέρας
1463 2311 1690 2389 α’ρετας
1743 2306 1907 2390 ὕμνῳ
1955 2310 2215 2387 διώκειν,

1013 2410 1141 2480 αἷσι
1190 2417 1609 2492 Κλεωνυμίδαι
1659 2414 1995 2488 θάλλοντες
2047 2417 2207 2495 αἰεί,
2255 2418 2381 2482 κτὲ.

648 2522 792 2588 Non
837 2524 1048 2610 magis
1094 2522 1200 2588 hic
1247 2523 1515 2588 abusum
1563 2521 1845 2607 aliquem
1892 2542 2075 2588 cerno
2124 2542 2318 2608 quem
2361 2522 2547 2590 Nem.
2601 2524 2707 2590 111
2756 2522 2833 2591 l:

1009 2625 1052 2692 ὦ
1101 2629 1320 2694 πότνια
1369 2637 1617 2704 Μοῖσα,
1669 2632 1869 2708 μᾶτερ
1917 2631 2325 2709 ἁμετέρα,
2373 2631 2709 2710 λίσσομαι,

646 2734 753 2800 vel
799 2734 988 2800 Nem.
1037 2735 1104 2800 X
1151 2733 1274 2799 37:

735 2837 956 2904 ἕπεται
1006 2840 1105 2922 δὲ,
1155 2847 1402 2914 Θειαῒε,
1451 2837 1747 2918 ματρῴων
1796 2840 1930 2904 πεδ’
1981 2839 2281 2918 εὔγνωτον
2328 2839 2499 2918 γένος
2550 2843 2954 2923 ὑμετέρων

737 2943 980 3022 εὐάγων
1023 2943 1220 3022 τιμαὶ,
2246 2937 2257 2946 ’

647 3050 749 3114 vel
795 3050 984 3116 Nem.
1031 3048 1150 3113 VII
1199 3046 1318 3113 3¹7:

1547 3155 1574 3218 ὃ
1621 3155 1674 3219 δ’
1721 3156 2052 3222 ἀποπλέων

824 3259 1055 3340 Σκύρου
1103 3260 1218 3337 μὲν
1263 3257 1582 3344 ἅμαρτεν,
1633 3258 1895 3325 ἵκοντο
1942 3261 1996 3326 δ’
2048 3263 2131 3334 εἷς
2177 3261 2458 3343 Ἐφύραν
2507 3264 2863 3343 πλαναισιν,

642 3366 748 3432 vel
793 3365 1018 3432 Isthm.
1067 3363 1165 3430 IV
1218 3364 1334 3429 18:

1091 3471 1186 3535 τὶν
1233 3471 1283 3534 δ’
1333 3471 1394 3533 ἐν
1440 3473 1660 3551 Ἰσθμῷ
1710 3469 1936 3535 διπλόα
1984 3472 2263 3538 θαλλοισ·
2315 3473 2546 3560 α’ρεταὶ,

1094 3577 1444 3655 Φυλακίδα,
1499 3586 1735 3654 κεῖται,
1792 3577 2013 3660 Νεμέα
2060 3578 2123 3643 δὲ
2172 3578 2277 3644 καὶ
2330 3581 2649 3661 ἀμφοῖν

1089 3683 1296 3766 Πυθέα
1343 3707 1412 3748 τε
1463 3683 1879 3762 παγκρατίου.

639 3791 810 3858 lama
924 3791 991 3855 in
1036 3789 1297 3876 reliquis
1344 3789 1823 3874 pronominibus
1860 3787 2177 3854 Pindarus
2221 3789 2610 3863 ἀδιάπτωτος
2652 3798 2783 3871 est,
2826 3796 3020 3860 sicuti

639 3903 769 3975 est,
831 3903 1118 3982 potestne
1177 3899 1242 3960 in
1307 3898 1678 3979 pronomine
1742 3897 2031 3975 σφέτερος
2100 3915 2137 3959 a
2196 3902 2367 3962 recta
2412 3899 2519 3962 via
2564 3903 2697 3962 tam
2747 3900 3019 3985 turpiter

637 4001 965 4067 deflexisse
1029 3997 1268 4066 videri?
1342 3999 1620 4064 Tantum
1689 4000 1885 4064 didici
1946 4021 2023 4065 ex
2073 4003 2536 4085 comparatione
2582 4011 2868 4070 veterum
2917 4005 3015 4070 In-

637 4106 862 4172 dorum
909 4107 1168 4193 linguae
1193 4153 1210 4183 ‚
1259 4111 1332 4170 ut
1379 4108 1588 4170 norim
1635 4105 1949 4189 quomodo
1996 4107 2159 4171 hanc
2204 4107 2670 4195 negligentiam
2718 4130 3014 4175 excusare

635 4213 870 4296 possim
919 4219 984 4275 et
1029 4213 1203 4297 ipsae
1250 4207 1637 4276 Graecorum
1679 4214 2124 4293 pronominum
2166 4214 2405 4280 formae
2446 4235 2556 4299 per
2590 4236 2657 4280 se
2697 4221 3013 4298 spectatae

633 4317 766 4380 iam
827 4316 1150 4382 ostendere
1208 4323 1506 4401 poterunt
1524 4363 1543 4399 ‚
1611 4315 1833 4380 multis
1882 4317 2152 4383 saeculis
2200 4325 2345 4386 ante
2392 4319 2742 4384 Pindarum
2790 4341 3011 4405 prono·

633 4443 782 4488 men
843 4422 1135 4505 σφέτερος
1201 4424 1398 4489 etiam
1461 4421 1541 4487 ad
1603 4441 1798 4486 unam
1850 4443 2181 4507 personam
2242 4425 2459 4491 referri
2520 4427 2833 4509 potuisse,
2900 4425 3010 4493 sed
