3414 5158
588 293 722 360 240
1642 313 1915 362 nonus.

585 503 770 545 aurea
838 480 1004 544 uitae
1065 481 1290 544 caelum
1309 529 1327 564 ,
1389 483 1490 546 vir
1549 479 1943 544 clarissimus
2004 480 2111 544 sub
2166 501 2347 544 aureo
2390 479 2529 544 cillo
2576 478 2983 545 scribendum

583 589 838 671 putavit
901 586 1020 650 hac
1067 586 1195 651 fere
1243 587 1486 652 ratione
1532 585 1799 651 ductus:
1848 585 2194 672 Pompeius
2213 634 2231 670 ,
2280 606 2479 671 quum
2528 585 2767 673 grande
2812 585 2981 652 illud

584 692 969 758 Iudaeorum
1021 713 1320 758 arcanum
1371 695 1702 777 aspiceret,
1752 693 1969 758 videre
2016 693 2138 757 sibi
2184 691 2525 760 videbatur
2570 693 2779 758 κίλλον
2824 695 2866 756 i.
2918 713 2975 758 e.

584 801 835 864 asinum
903 799 1112 882 „quod
1163 836 1244 847 --
1295 801 1388 863 ita
1449 798 1674 864 scribit
1724 836 1803 848 -
1852 797 2112 864 fluxisse
2173 797 2551 864 crediderim
2612 818 2688 863 ex
2736 795 2980 865 Cheru-

585 905 751 969 binis
811 905 1048 987 Areae,
1116 907 1228 988 qui
1287 925 1434 969 cum
1496 904 1737 970 vitulos
1799 905 2133 982 referrent,
2201 903 2309 969 sed
2372 905 2602 991 pingui
2649 925 2981 990 crassaque

585 1011 904 1076 coelatura
949 1009 1307 1075 efformatos
1351 1016 1415 1076 et
1463 1009 1815 1076 elaboratos
1831 1059 1847 1088 ‚
1897 1013 2103 1076 asinos
2148 1010 2377 1076 referre
2424 1011 2877 1076 existimabant
2918 1015 2983 1076 et

582 1116 924 1182 voluerunt
987 1115 1290 1180 ethnici”.
1385 1114 1460 1180 Ο.
1525 1113 1681 1181 Iahn
1744 1116 1935 1182 illum
1994 1115 2298 1182 Monachi
2352 1115 2622 1181 asellum
2670 1116 2981 1182 ambabus

584 1224 881 1288 manibus
942 1224 1212 1306 arripuit
1275 1232 1340 1287 et
1403 1220 1532 1288 levi
1597 1225 1952 1288 mutatione
2015 1223 2182 1288 facta
2230 1223 2431 1287 edidit
2476 1227 2585 1286 cub
2632 1245 2817 1286 aurea
2864 1227 2981 1286 vice

583 1331 788 1393 cilbum
807 1376 822 1407 ,
887 1332 1150 1416 ignarus
1213 1327 1458 1392 scilicet
1505 1327 1799 1412 Pompeii
1848 1333 2053 1394 aetate
2102 1330 2335 1394 Arcam
2383 1327 2629 1393 nullam
2676 1319 2745 1392 in
2796 1349 2981 1412 pene·

584 1434 734 1500 trali
789 1435 961 1500 aedis
1008 1435 1295 1499 extitisse
1316 1483 1333 1517 ‚
1384 1435 1599 1518 itaque
1646 1436 1860 1499 inania
1908 1434 2105 1500 fuisse
2155 1455 2379 1500 arcana
2400 1483 2415 1510 ,
2467 1439 2541 1499 ut
2590 1434 2815 1498 scribit
2854 1431 2980 1498 'Pa-

584 1542 783 1619 citus‚
847 1538 1018 1605 Hist.
1079 1539 1155 1605 V.
1207 1537 1272 1604 9.
1325 1539 1661 1606 Praeterea
1707 1561 1857 1606 vero
1904 1539 2275 1605 Latinitatis
2323 1544 2489 1606 ratio
2534 1539 2789 1606 lectioni
2836 1538 2977 1605 vul·

581 1652 772 1735 gatae
833 1647 1082 1712 obstare
1140 1646 1428 1723 videtur,
1495 1666 1647 1711 nam
1714 1669 1997 1710 areanum
2060 1654 2275 1730 patens
2292 1697 2310 1732 ,
2385 1648 2592 1711 cillum
2662 1647 2978 1732 quomodo

583 1754 958 1819 cohaereant
1040 1772 1229 1817 nemo
1298 1750 1484 1818 facile
1554 1752 1813 1817 dixerit.
1910 1753 2051 1819 Etsi
2120 1758 2337 1818 autem
2408 1756 2699 1839 ineptum
2768 1751 2981 1818 Iahnii

585 1863 1022 1924 commentum
1071 1859 1206 1923 sine
1252 1856 1388 1923 ulla
1433 1858 1833 1924 dubitatione
1878 1860 2343 1944 repudiandum
2384 1862 2718 1944 existimo,
2759 1865 2978 1924 tamen

583 1963 662 2029 de
723 1985 879 2029 vera
943 1963 1214 2029 lectione
1275 1964 1520 2031 haereo.
1614 1964 1710 2030 De
1759 1965 1891 2032 vite
1936 1985 2127 2032 aurea
2173 1966 2290 2033 illa
2333 1987 2433 2032 res
2480 1987 2629 2032 sane
2676 1972 2776 2032 est
2821 1967 2979 2031 satis

584 2070 900 2154 expedita.
948 2067 1206 2133 Etenim
1249 2089 1548 2154 suspensa
1587 2076 1722 2136 erat
1759 2092 1951 2156 supra
1988 2080 2239 2157 portam
2279 2071 2761 2150 „Sacrosancti'’,
2810 2071 2979 2156 quod

585 2180 858 2240 testatur
911 2173 1219 2258 Iosephus
1239 2223 1256 2258 ‚
1320 2173 1397 2239 de
1450 2173 1633 2241 Bello
1679 2175 1817 2240 Iud.
1867 2176 1923 2242 V
1972 2175 2032 2240 5.
2086 2177 2161 2241 4:
2212 2173 2357 2259 εἶχε
2405 2178 2466 2242 δὲ
2514 2177 2620 2243 καὶ
2666 2179 2782 2250 τὰς
2831 2199 2975 2258 χρυ-

594 2283 712 2352 σὶὶς
781 2280 926 2361 ὑπὲρ
989 2281 1182 2355 αὐτῆς
1251 2281 1391 2366 [τῆς
1453 2279 1689 2366 πύλης]
1754 2281 2075 2358 ἀμπέλους
2102 2333 2117 2359 ,
2170 2286 2289 2364 (ἐφ’
2340 2281 2416 2348 ὦν
2463 2284 2717 2364 βότρυες
2766 2284 2975 2364 ἄνδρα·

586 2387 803 2462 utinm
858 2384 1322 2467 κατεκρέμαντο
1369 2382 1492 2470 (Of.
1543 2385 1690 2451 Tac.
1738 2387 1910 2452 Hist.
1966 2387 2033 2453 V.
2084 2388 2176 2474 5).
2269 2388 2553 2456 Eandem
2596 2395 2813 2474 postea
2852 2389 2979 2455 Ro-

585 2513 762 2558 mam
827 2491 1199 2558 translatam
1261 2497 1326 2557 et
1383 2493 1450 2556 in
1515 2491 1755 2577 templo
1814 2492 1987 2560 Iovis
2038 2492 2381 2579 Capitolini
2429 2495 2787 2562 dedicatam
2836 2517 2971 2562 esse

583 2605 798 2666 narrat
843 2598 1181 2684 Iosephus,
1221 2598 1547 2665 Strabonis
1596 2602 1965 2665 testimonio
2012 2622 2193 2678 usus,
2248 2600 2470 2687 Antiq.
2522 2601 2663 2668 Iud.
2710 2600 2881 2668 XIV.
2934 2600 2975 2667 3

585 2704 680 2791 (5)
735 2706 793 2769 1.
845 2705 1015 2770 Fieri
1064 2712 1278 2771 autem
1327 2710 1534 2789 potest
1581 2712 1656 2769 ut
1703 2704 1928 2771 Florus
1976 2726 2275 2771 arcanum
2321 2707 2677 2792 penetrale,
2717 2710 2977 2774 nomine

583 2831 621 2876 a
667 2810 1098 2877 Romanorum
1148 2810 1300 2876 aede
1347 2830 1524 2876 sacra
1569 2809 1906 2896 desumpto
1925 2860 1943 2895 ‚
1984 2813 2191 2876 cellam
2232 2813 2498 2889 dixerit,
2542 2815 2757 2898 itaque
2780 2816 2976 2899 scrip-

583 2920 738 2982 serit
777 2926 1217 3001 penetrans
1261 2917 1366 2979 sub
1413 2937 1601 2981 aurea
1669 2918 1792 2981 vite
1860 2923 1942 2981 in
2012 2920 2308 2983 cellam.
2406 2916 2534 2984 Sed
2599 2918 2975 3005 scrupulum

581 3022 768 3087 inicit
826 3020 1003 3087 locus
1065 3020 1320 3106 Iosephi
1379 3042 1458 3086 ex
1518 3020 1674 3087 Ant.
1740 3022 1885 3088 Iud.
1950 3045 2139 3109 supra
2200 3024 2498 3090 laudatus
2518 3074 2537 3099 ‚
2605 3026 2719 3091 ubi
2779 3025 2977 3091 tradit

583 3128 890 3213 Pompeio
913 3178 929 3205 ,
968 3125 1422 3213 Hierosolyma
1460 3129 1787 3206 tendenti,
1826 3132 1959 3194 iam
2000 3150 2199 3214 quum
2232 3128 2622 3196 Damascum
2663 3134 2977 3215 venisset,

582 3234 1028 3300 Aristobulum
1102 3236 1306 3300 vitem
1369 3254 1626 3300 auream
1689 3235 1926 3301 donum
1977 3238 2255 3303 misisse:
2316 3237 2569 3319 ἔπεμψε
2630 3238 2757 3319 γὰρ
2806 3238 2976 3319 αὐτῷ

582 3340 759 3420 μέγα,
809 3342 982 3419 δῶρον
1027 3340 1537 3421 Ἀριστόβουλος,
1579 3340 1867 3418 ἄμπελον
1900 3350 2134 3425 χρυσῆν
2176 3343 2243 3408 ἐκ
2282 3346 2701 3409 πεντακοσίων
2740 3342 2975 3409 ταλάν-

586 3471 724 3512 των.
798 3448 976 3512 Haec
1016 3449 1071 3512 si
1121 3446 1198 3513 ad
1246 3447 1515 3514 verbum
1564 3449 1931 3533 accipienda
1976 3455 2125 3515 sunt
2172 3470 2373 3535 neque
2420 3453 2511 3516 ita
2556 3456 2822 3536 possunt
2866 3472 2979 3517 ex-

585 3554 806 3641 plicari
851 3559 928 3619 ut
973 3553 1381 3619 Aristobulus
1400 3603 1418 3638 ‚
1468 3554 1638 3639 quod
1683 3556 1935 3620 misisse
1982 3556 2230 3621 dicatur
2248 3605 2264 3634 ‚
2312 3578 2381 3622 re
2427 3576 2576 3624 vera
2632 3556 2971 3632 obtulerit,

580 3664 713 3728 iam
773 3661 1119 3726 sanctuarii
1181 3664 1362 3745 porta
1425 3680 1542 3725 suo
1603 3665 1973 3725 ornamento
2037 3661 2257 3727 orbata
2318 3666 2488 3745 erat,
2537 3682 2739 3746 quum
2785 3660 2977 3728 Pom-

579 3769 762 3855 peius
828 3766 1149 3853 penetrale
1211 3771 1568 3831 temeraret.
1629 3804 1707 3815 —
1762 3764 1887 3846 Qui
1948 3772 2161 3832 autem
2222 3769 2461 3833 nimiae
2512 3768 2812 3833 audaciae
2871 3788 2977 3833 me

577 3892 843 3961 arguere
903 3870 1064 3939 velit
1082 3918 1099 3947 ,
1160 3871 1328 3957 quod
1390 3892 1502 3957 pro
1551 3880 1771 3955 patene
1818 3872 2221 3937 scribendum
2262 3882 2581 3956 penetrans
2628 3872 2936 3939 contendo
2954 3922 2975 3959 ,

573 4000 722 4045 eum
758 3977 849 4044 -ad
897 3978 1020 4044 ΠΙ.
1076 3976 1185 4043 21.
1234 3976 1316 4041 21
1370 3979 1667 4051 remitto,
1718 3978 1859 4053 ubi,
1918 3998 2119 4063 quum
2169 3978 2557 4045 Nazarianus
2600 3980 2965 4063 putantibus,

567 4082 1060 4171 Bambergensis
1115 4082 1528 4166 penitentibus
1595 4082 1826 4147 habeat
1846 4131 1862 4160 ‚
1925 4080 1998 4147 Ο.
2048 4082 2311 4149 Iahnius
2358 4106 2579 4151 veram
2626 4084 2969 4150 lectionem

553 4190 972 4275 peneto-abibae
1017 4189 1365 4255 revocavit.
2962 4188 2967 4193 ’

645 4400 758 4466 ΙΙΙ.
819 4400 882 4467 6.
950 4400 988 4466 5
1063 4392 1421 4489 [Servilius]
1491 4402 1801 4465 Phaselim
1860 4410 1916 4467 eb
1988 4404 2291 4489 Olympum
2338 4405 2549 4469 evertit
2604 4404 2966 4487 Isaurosque
