3414 5158
616 306 743 377 184
1696 329 1922 379 Puro.

608 493 950 571 ἐπιπλῆξαι
1016 493 1437 575 ἁμαρτάνοντι
1499 496 1752 577 πότερον
1815 498 1882 563 οὐ
1945 497 2042 563 δεῖ
2095 495 2462 563 διδάσκοντα
2529 546 2544 563 .
2579 546 2596 563 .
2627 548 2642 565 .
2673 548 2688 564 .
2755 498 2862 564 καὶ
2913 536 2998 549 --

606 603 917 679 δηλοῦντα
964 601 1275 683 διαφέρειν
1322 609 1439 667 τῶν
1486 602 1735 689 α’λλωνς
1782 624 1937 670 mox
1979 624 2096 689 pro
2143 608 2360 669 πᾶσαν
2415 604 2636 685 αἱρετήν
2704 628 3000 679 νενικη-

608 708 881 792 κότος,
926 706 1157 775 malim
1206 709 1687 805 ἧσκηκότος.
1763 710 1923 791 Quis
1971 713 2146 776 enim
2195 718 2332 795 νικᾷ
2379 712 2490 785 την
2537 696 2798 793 iperius?
2843 712 2998 777 Pro·

606 818 774 883 fecto
817 835 945 881 non
992 814 1022 879 ὃ
1069 815 1331 893 ἀγαθός.

692 921 775 988 D.
822 921 997 1009 Lege
1042 921 1107 987 τί
1153 916 1288 999 ofin
1342 922 1451 1009 (οὖ
1467 922 1547 1009 χ)
1596 918 1624 986 ὃ
1672 919 1946 1001 λέγομεν
1992 925 2094 987 νῦν
2139 923 2420 998 ποιητέον
2469 923 2657 999 ἥμῒνς
2705 960 2790 973 -
2837 922 2996 989 Mox

605 1024 851 1116 legitur
868 1074 886 1107 ,
946 1034 1073 1101 πῶς
1134 1022 1233 1093 οὖν
1282 1028 1353 1103 δὴ
1401 1028 1505 1094 κα)
1554 1030 1697 1095 τίνα
1744 1028 1962 1107 τρόπον
1980 1076 1999 1113 ,
2047 1025 2090 1092 ὦ
2135 1026 2270 1105 ξένε
2289 1076 2307 1107 ,
2355 1027 2794 1110 ἀπεικάζοντες
2841 1030 2994 1095 αὐτὸ

602 1131 851 1215 τοιούτῳ
896 1134 1009 1199 τιν)
1058 1133 1365 1213 λέγομενς
1414 1134 1542 1201 Pro
1590 1134 1747 1199 αὐτὸ
1795 1140 2086 1221 expectes
2131 1136 2326 1211 αὐτην
2345 1186 2363 1219 ,
2409 1156 2516 1213 sc„
2572 1133 2776 1201 πόλιν.
2823 1136 2996 1224 Lege

604 1238 800 1312 αὐτὴν
846 1240 932 1320 τῷ
976 1239 1227 1320 τοιούτῳ
1273 1241 1387 1306 τινὶ
1436 1239 1750 1319 λέγομενς
1799 1240 2153 1307 Verborum
2193 1242 2424 1328 quibus
2461 1241 2563 1306 his
2585 1242 2997 1327 respondetur

604 1348 983 1431 compositio
1050 1346 1206 1412 haec
1268 1350 1397 1413 est:
1460 1354 1665 1423 Δῆλον
1727 1350 1806 1419 ὥς
1873 1346 2201 1435 (λέγομεν)
2264 1349 2404 1421 τοὺς
2471 1346 2634 1419 νέους
2683 1350 2860 1432 δρᾶν,
2907 1386 2992 1398 -

601 1473 762 1531 non,
829 1458 1073 1531 Δῆλον,
1132 1454 1211 1523 ὧς
1270 1450 1454 1528 οὔσης
1517 1460 1629 1528 τῆς
1690 1452 1948 1525 πόλεως.
2003 1490 2086 1503 -
2135 1454 2348 1542 Igitur
2391 1452 2456 1519 δὲ
2503 1460 2649 1519 ante
2693 1452 2994 1533 Φυλάκιον

602 1558 747 1625 tolli
806 1556 1099 1645 oportet?
1162 1558 1314 1625 Noli
1358 1558 1643 1637 credere,
1690 1580 1845 1623 nam
1889 1560 2216 1627 intercidit
2261 1561 2328 1625 id
2351 1610 2369 1643 ,
2417 1580 2543 1645 quo
2589 1581 2780 1647 aegre
2825 1580 2994 1626 eare-

602 1686 784 1731 mus:
837 1674 951 1741 τῆς
996 1665 1112 1743 μὶν
1157 1666 1395 1737 πόλεως
1441 1665 1622 1741 οὔσης
1669 1670 1779 1731 τοῦ
1828 1664 2047 1738 κύτους
2094 1674 2213 1731 τῶν
2257 1666 2319 1731 δὲ
2357 1668 2662 1748 Φυλάκιον
2707 1670 2842 1748 (τοῦ
2870 1670 2994 1747 νοῦ)

602 1771 737 1858 (vel
785 1779 897 1846 τῆς
944 1772 1227 1857 ψυχῆς),
1274 1772 1413 1845 τοὺς
1462 1773 1577 1851 μὲν
1624 1770 1817 1849 νέους,
1863 1796 1923 1837 κ.
1963 1796 2024 1839 τ.
2063 1773 2110 1837 ὲ.
2161 1810 2246 1822 -
2293 1772 2646 1858 Postquam
2683 1774 2993 1839 iuvenum

602 1898 951 1965 senumque
1013 1898 1281 1945 munera
1333 1882 1701 1965 persecutus
1749 1882 1882 1955 est,
1931 1878 2266 1965 subiungit
2281 1926 2300 1963 ,
2349 1874 2504 1943 οὕτω
2553 1880 2624 1953 33,
2671 1888 2832 1961 κοινῇ·
2881 1879 2993 1944 σώ-

602 1986 727 2065 ζειν
786 1984 1176 2067 ἀμφοτέρους
1223 1983 1405 2056 ὅντως
1452 1986 1563 2060 τὴν
1608 1984 1788 2051 πόλιν
1836 1979 1998 2059 ὅλην.
2094 1984 2273 2060 Quae
2319 1985 2564 2071 duplici
2609 1986 2772 2051 vitio
2815 1984 2991 2051 labo-

600 2095 767 2156 rant.
816 2089 1116 2155 Primum
1164 2090 1334 2176 quod
1352 2140 1372 2175 ,
1418 2092 1473 2156 si
1518 2092 1820 2177 syntaxin
1869 2092 2150 2175 sequaris
2169 2138 2185 2168 ,
2235 2090 2392 2157 haec
2433 2093 2530 2156 ita
2573 2112 2613 2157 a
2657 2091 2992 2177 superiori-

600 2196 722 2261 bus
764 2196 1039 2281 pendent
1086 2202 1161 2263 ut
1204 2196 1288 2263 ad
1331 2198 1485 2261 coloe
1532 2216 1712 2263 senes
1757 2196 1976 2263 referri
2021 2198 2299 2281 possint3
2341 2198 2411 2262 id
2449 2218 2600 2263 vero
2636 2195 2774 2262 fieri
2815 2200 2992 2263 vetat

597 2318 727 2369 vox
773 2300 1184 2385 ἀμφοτέρους.
1229 2302 1476 2369 Deinde
1519 2302 1689 2389 quod
1733 2301 1916 2375 ὅντως
1963 2324 2219 2389 prorsus
2262 2302 2496 2369 inutile
2539 2307 2673 2389 est3
2710 2323 2864 2369 nam
2909 2322 2990 2369 ne

598 2407 678 2474 ad
742 2418 907 2491 κοινῢ
974 2409 1285 2475 referatur
1340 2410 1551 2476 obstat
1608 2408 2030 2476 intervallum
2093 2410 2255 2494 quod
2321 2409 2590 2475 alteram
2636 2429 2862 2475 vocem
2909 2409 2987 2475 ab

599 2512 803 2582 altera
864 2514 1184 2582 distrahit.
1278 2514 1419 2583 Iam
1480 2518 1537 2582 si
1583 2515 2028 2603 praecedentia
2069 2516 2452 2601 inspexeris:
2505 2514 2610 2581 καὶ
2661 2514 2986 2596 ὑπηρέταις

593 2622 941 2704 χρωμένους
1012 2618 1185 2702 ’μετὰ
1256 2622 1651 2701 συμβουλίας
1721 2645 1807 2687 το
1825 2629 1900 2694 ἰ”ς
1969 2621 2210 2700 νέοις,
2279 2623 2616 2688 miraberis
2677 2623 2986 2688 iuvenum

592 2734 805 2815 partes
864 2733 951 2795 sic
997 2733 1281 2796 mutatas
1297 2776 1315 2807 ,
1363 2738 1439 2794 ut
1484 2749 1523 2795 e
1565 2727 1884 2816 vigilibus
1927 2729 2212 2794 ministri
2257 2727 2412 2794 facti
2455 2729 2606 2793 sint.
2697 2726 2812 2794 Sin
2857 2735 2986 2801 τοῖς

592 2833 745 2910 νέοις
806 2835 1065 2902 exulare
1124 2833 1388 2901 iusseris
1449 2838 1515 2900 et
1570 2833 1957 2914 ἀμφοτέρους
2003 2832 2186 2906 ὅντως
2229 2833 2300 2898 in
2345 2833 2577 2899 horum
2627 2833 2844 2900 sedem
2889 2855 2987 2900 re-

594 2943 863 3007 traxeris
882 2991 900 3026 ,
948 2943 1168 3006 statim
1216 2939 1545 3026 apparebit
1590 2940 1761 3006 unde
1805 2938 1972 3006 illud
2021 2937 2201 3012 ὅντως
2241 2941 2670 3024 acceperimus
2687 2987 2705 3018 ,
2749 2977 2836 2990 -—
2877 2938 2981 3005 καὶ

593 3046 925 3128 ὑπηρέταις
972 3044 1321 3125 χρωμένους
1368 3043 1541 3122 μετὰ
1588 3044 1984 3123 συμβουλίας
2033 3044 2422 3126 ὦμφοτόρους
2471 3042 2716 3130 [ὅντως]
2779 3068 2808 3110 ο
2827 3041 2919 3110 ὕτ
2937 3070 2981 3109 οι

591 3151 665 3226 δη
711 3161 873 3234 κοινῆ
920 3151 1133 3232 σώζειν
1175 3153 1289 3226 την
1334 3151 1515 3216 πόλιν
1560 3149 1728 3227 ὅλην.

682 3255 835 3324 966.
881 3257 963 3323 D.
1034 3257 1157 3344 [ἐν]
1214 3260 1517 3340 Φρονιὶσει.
1612 3257 1690 3323 Ε.
1756 3255 2143 3334 πειθώμεθα,
2213 3254 2499 3340 (ἈΛΛἿ
2561 3259 2843 3323 ἈΜΩΟ
2903 3257 2982 3336 γέ

588 3385 743 3437 πως.
797 3400 879 3412 -
927 3363 1126 3430 Recte
1172 3362 1467 3430 Baiterus
1511 3364 1562 3428 εἰ
1615 3401 1703 3414 -
1751 3363 1920 3427 δοκεῖ
1961 3362 2070 3426 ἑῶν
2088 3409 2107 3446 ,
2157 3363 2264 3426 ἐὶὶν
2313 3361 2383 3436 δὲ
2431 3361 2646 3443 χρέων.

678 3467 833 3534 966.
878 3469 953 3534 Β.
1028 3469 1340 3550 κρίνοντας
1402 3468 1489 3534 τό
1546 3493 1617 3533 τε
1674 3468 1938 3556 [καλῶς]
1988 3468 2334 3546 γιγνόμενα
2385 3468 2492 3532 καὶ
2539 3468 2625 3534 τὰ
2670 3471 2760 3547 μη
2808 3469 2982 3536 κατὰ

585 3575 797 3655 φύσιν.
868 3573 942 3643 G.
991 3578 1103 3651 την
1149 3576 1213 3643 δὲ
1260 3578 1349 3654 μὴ
1398 3575 1726 3652 ἐπιτροπὴν
1773 3571 1931 3639 εἶναι
1977 3573 2048 3637 τὸ
2096 3573 2413 3652 μηδέποτε
2460 3581 2578 3640 τῶν
2625 3575 2982 3658 νομοφυλά-

587 3705 703 3746 κων
749 3673 1199 3763 αἱρεῖσθαιτὸν
1241 3684 1348 3761 μη
1396 3683 1611 3748 θεῖον
1657 3681 1793 3747 καὶ
1838 3681 2522 3756 διαπεπονηκότα
2573 3679 2718 3758 πρὸς
2768 3681 2976 3760 αὐτά,

586 3788 731 3867 μηδ’
776 3781 873 3854 αὖ
919 3795 1037 3855 τῶν
1084 3789 1227 3871 πρὸς
1278 3789 1500 3868 ἀρετὴν
1546 3786 1826 3868 ἔγκριτον
1871 3786 2218 3865 γίγνεσθαι.
2310 3786 2490 3852 Dura
2533 3787 2820 3853 conditio
2860 3795 2976 3866 est,

584 3899 661 3959 ut
707 3895 765 3960 si
814 3897 958 3981 quis
1004 3894 1469 3981 rempublicam
1518 3914 1840 3979 capessere
1886 3892 2048 3959 velit
2096 3892 2387 3958 divinum
2435 3914 2500 3959 se
2549 3912 2686 3960 esse
2729 3895 2977 3978 probet.

585 3998 720 4068 Gur
780 4019 965 4087 porro
1028 4001 1197 4066 dixit
1255 4001 1343 4078 μὴ
1392 4002 1545 4065 θεῖον
1592 4024 1630 4065 κ
1648 4001 1730 4064 αὶ
1785 3995 1914 4063 -?
1959 3997 2092 4064 Nos
2139 3997 2441 4064 mortales
2484 3998 2844 4066 diceremus
2889 4002 2980 4079 μὴ

582 4109 733 4172 θεῖον
783 4106 937 4184 μηδὲ
988 4144 1093 4170 -.
1142 4105 1467 4192 Scriptum
1514 4105 1712 4171 fuisse
1758 4107 2044 4191 suspicor
2087 4104 2273 4180 μηδὲν
2319 4125 2434 4190 pro
2478 4105 2688 4181 μηδὲν.
2763 4105 2979 4171 Plato·

582 4233 729 4280 nem
776 4218 995 4280 autem
1044 4211 1291 4278 dedisse
1310 4261 1328 4296 ,
1374 4211 1479 4276 τὸν
1526 4211 1714 4288 μηδὲν
1759 4211 1886 4293 ἰδία
1933 4208 2347 4284 πεπονηκότα.
2441 4209 2614 4296 Lege
2653 4217 2979 4295 praeterea

580 4319 725 4395 μηδ’
789 4319 929 4383 lau
975 4322 1093 4382 τῶν
1138 4315 1283 4398 πρὸς
1331 4317 1550 4396 ἀρετὴν
1600 4315 1990 4395 ἐκκρίτων
2039 4316 2388 4394 γίγνεσθαι.
2479 4315 2554 4380 Ε.
2603 4319 2683 4388 ὥς
2729 4317 2971 4406 (ψυχὴ)

580 4422 1045 4506 πρεσβύτατόν,
1082 4447 1154 4492 τε
1212 4423 1317 4494 καὶ
1384 4420 1691 4490 θείοτατόν
1757 4421 1888 4488 ἐστι
1952 4420 2200 4488 πάντων
2217 4469 2236 4501 ,
2302 4417 2344 4488 ὦ
2363 4447 2392 4486 ν
2457 4420 2683 4495 κίνησις
2732 4423 2974 4502 γένεσιν
