3414 5158
639 349 773 417 224
1682 371 1977 421 norme.

725 535 868 602 XV.
921 535 1004 602 57
1068 543 1244 620 atque
1303 537 1544 600 interim
1605 537 1773 602 Nero
1820 540 2167 601 recordatus
2222 537 2459 602 Volusii
2504 537 2758 600 Proculi
2802 535 3032 600 iudicio

636 643 979 725 Epicharim
1037 643 1287 706 attineri
1331 652 1610 728 ratusque
1655 645 1938 708 muliebre
1983 667 2193 726 corpus
2243 645 2438 726 impar
2481 643 2677 709 dolori
2722 644 3033 720 tormentis

636 749 967 813 dilacerari
1011 749 1192 814 iubet.
1241 757 1305 813 at
1351 751 1524 814 illam
1568 772 1684 813 non
1733 751 1973 814 verbera
1994 797 2009 826 ‚
2051 772 2169 814 non
2208 755 2371 832 iones
2389 799 2407 836 ,
2446 773 2565 814 non
2603 751 2701 814 ira
2740 773 2806 814 co
2830 755 3034 814 aerius

635 855 1068 940 torquentium,
1116 879 1190 918 ne
1235 879 1274 918 a
1302 857 1552 940 femina
1599 866 2041 940 spernerentur,
2084 862 2384 941 pervicere
2402 907 2420 941 ,
2470 858 2613 944 quin
2658 863 2883 922 obiecta
2931 858 3031 922 de-

639 969 898 1043 neqaret.
945 961 1036 1028 sic
1065 963 1304 1045 primus
1351 963 1711 1048 quaestionis
1758 965 1883 1028 dies
1930 971 2443 1046 contemptus.

730 1066 942 1133 Immo
988 1068 1197 1134 hercle
1244 1092 1554 1134 consum
1560 1077 1756 1152 ptus
1770 1099 1798 1147 ,·
1846 1068 1939 1136 Of.
1972 1069 2141 1134 Hist.
2168 1069 2274 1134 IV.
2308 1069 2423 1135 43:
2471 1075 2884 1155 consumptus
2922 1089 3033 1155 per

643 1173 1021 1240 discordiam
1063 1175 1234 1251 dies;
1277 1174 1446 1241 Dial.
1491 1175 1569 1240 3:
1615 1195 1803 1242 omne
1849 1182 2103 1261 tempus
2128 1179 2293 1242 circa
2316 1176 2613 1242 Medeam
2643 1195 3029 1242 consumere.

733 1386 880 1453 XV.
931 1385 1016 1454 6¹7
1063 1389 1196 1472 ipsa
1245 1387 1488 1474 [Subrii
1536 1387 1753 1471 Flavi]
1794 1389 2008 1452 rettuli
2044 1390 2255 1473 verba,
2298 1389 2439 1474 quia
2478 1411 2633 1472 non,
2676 1395 2743 1452 ut
2765 1387 3033 1469 Senecae,

642 1496 890 1576 vulqata
953 1502 1222 1579 erant,
1287 1517 1392 1559 nec
1452 1495 1648 1558 minus
1711 1501 1873 1559 nosci
1917 1496 2154 1560 decebat
2198 1495 2482 1560 militaris
2526 1495 2647 1558 viri
2690 1516 2896 1558 sensus
2940 1492 3034 1556 in·

642 1608 892 1683 comptos
935 1612 995 1664 et
1041 1601 1294 1664 validos.

734 1705 1365 1792 Plusquamperfecto
1427 1709 1700 1791 tempori
1747 1706 1967 1772 nullus
2012 1709 2117 1774 hie
2162 1708 2341 1774 locus
2386 1714 2505 1774 est.
2600 1705 2871 1792 Scripsit
2914 1703 3033 1770 Ta·

643 1813 812 1876 citus
875 1815 1182 1877 nimirum
1247 1812 1348 1887 id,
1416 1813 1583 1898 quod
1627 1816 1694 1878 in
1746 1813 1860 1878 tali
1909 1835 1975 1878 se
2020 1814 2217 1890 solet,
2268 1815 2512 1896 vulqata
2560 1819 2877 1886 extant3
2936 1808 3033 1876 Cf.

645 1915 814 1982 Dial.
887 1916 1004 1982 39:
1073 1921 1210 1983 eius
1273 1918 1449 1982 modi
1515 1919 1662 1982 libri
1729 1925 1981 1996 extant3
2045 1921 2207 1985 Anu.
2256 1921 2349 1986 ΙΙ.
2398 1919 2519 1986 63:
2584 1925 2761 1986 extat
2804 1920 3029 1994 eratin,

646 2044 773 2108 qua
820 2025 1335 2111 magnitudinem
1390 2028 1514 2090 viri
1562 2073 1579 2089 .
1610 2076 1624 2089 .
1655 2073 1670 2088 .
1701 2073 1717 2089 .
1766 2025 2017 2092 extulit.

741 2237 888 2303 XV.
938 2238 1023 2303 73
1071 2247 1137 2302 at
1179 2240 1246 2302 in
1292 2247 1505 2304 senatu
1550 2241 1781 2304 cunctis
1828 2289 1845 2305 .
1876 2290 1889 2303 .
1920 2288 1935 2304 .
1966 2288 1981 2304 .
2030 2242 2099 2305 in
2146 2242 2550 2306 adulationem
2588 2241 2889 2318 demissis,
2932 2239 3039 2304 Iu-

646 2349 809 2408 nium
864 2344 1229 2423 Gallionem,
1287 2345 1533 2410 Senecae
1560 2347 1805 2430 fratris
1852 2355 2039 2411 marte
2074 2349 2359 2431 pavidum
2408 2359 2467 2412 et
2496 2369 2614 2433 pro
2658 2369 2769 2410 sua
2803 2346 3038 2410 incolu-

644 2455 848 2514 mitate
893 2451 1213 2534 supplicem
1235 2499 1250 2529 ‚
1300 2452 1597 2536 increpuit
1641 2454 1925 2518 Salienus
1979 2454 2239 2518 Clemens
2262 2504 2275 2529 ,
2326 2455 2540 2518 hostem
2582 2460 2639 2518 et
2670 2453 3039 2536 parricidam

645 2578 898 2642 vocans,
939 2557 1120 2622 donec
1157 2581 1440 2624 consensu
1463 2567 1713 2645 patrum
1756 2561 2075 2625 deterritus
2117 2569 2235 2638 est,
2280 2582 2354 2625 ne
2386 2559 2645 2644 publicis
2682 2561 2855 2623 malis
2876 2561 3045 2623 abuti

648 2665 732 2728 ad
787 2665 1144 2729 occasionem
1181 2667 1416 2757 priuati
1457 2668 1584 2730 odii
1635 2667 1972 2747 videretur,
2018 2690 2135 2731 neu
2181 2689 2379 2750 comp
2398 2667 2615 2731 osita
2658 2673 2765 2731 aut
2810 2667 2891 2729 ob
2910 2665 3041 2728 lit·

649 2776 922 2835 terata
969 2773 1590 2837 mansuetudine
1633 2762 1930 2856 principis
1975 2794 2183 2838 novam
2224 2774 2310 2836 ad
2349 2772 2657 2837 saevitiam
2690 2772 3038 2837 reta-aberet.

741 2876 1046 2941 Extrema
1092 2878 1288 2944 verba
1335 2880 1511 2942 omni
1549 2898 1737 2944 sensu
1774 2886 2028 2961 carent,
2068 2900 2215 2943 nam
2260 2878 2495 2945 frustra
2534 2878 2857 2964 quaeritur
2880 2897 3043 2962 quae

653 2982 909 3047 tandem
959 3002 1055 3046 res
1102 2987 1489 3068 compositae
1536 2990 1649 3047 aut
1697 2984 2098 3049 oblitteratae
2148 2985 2226 3049 ad
2276 3005 2507 3052 novam
2556 2986 2887 3050 saevitiam
2948 3004 3044 3047 re·

651 3091 864 3153 vocari
913 3096 1183 3173 possent.
1279 3088 1519 3154 Omnes
1567 3089 1839 3155 editores
1886 3096 2103 3155 autem
2153 3092 2219 3156 in
2274 3112 2546 3157 errorem
2586 3090 2833 3155 inducti
2876 3089 3043 3153 mihi

651 3192 952 3257 videntur
1021 3192 1230 3279 Lipsii
1299 3196 1691 3267 coniectura,
1774 3198 1885 3281 qui
1946 3216 2059 3280 pro
2120 3216 2230 3281 θο,
2294 3196 2461 3281 quod
2525 3195 2767 3283 legitur
2811 3197 2881 3259 in
2928 3194 3039 3279 M,

651 3298 966 3380 composita
1027 3306 1134 3363 aut
1197 3302 1515 3365 obliterata
1581 3303 2026 3367 mansuetudine
2074 3301 2251 3367 dedit
2295 3300 2633 3367 lectionem
2682 3300 3039 3389 vulgatam.

653 3403 973 3470 Debuerat
1019 3407 1323 3484 scribere,
1376 3410 1501 3471 nisi
1551 3405 1765 3482 fallor,
1816 3413 2307 3490 compositam
2352 3415 2489 3473 aut
2529 3406 3045 3471 obliteratam

652 3511 1250 3597 anxitudinem;
1297 3513 1465 3579 Nero
1515 3516 1721 3597 enim,
1770 3518 1843 3579 ut
1893 3518 2027 3579 erat
2074 3513 2343 3599 pavidus
2390 3533 2638 3598 semper
2683 3520 2749 3579 et
2795 3514 3043 3584 anxius,

651 3619 720 3683 in
789 3638 1007 3683 eorum
1080 3620 1490 3703 potissimum
1559 3621 1764 3691 vitam
1829 3621 2093 3703 saeviit,
2149 3640 2184 3684 a
2232 3620 2467 3704 quibus
2514 3618 2871 3705 periculum
2920 3616 3048 3682 sibi

651 3726 990 3812 imminere
1055 3724 1481 3791 arbitrabatur
1491 3745 1508 3803 ;
1569 3726 1799 3790 timore
1846 3726 2051 3812 igitur
2097 3724 2528 3791 adducebatur
2574 3724 2653 3789 ad
2702 3729 2796 3788 tot
2842 3724 3047 3789 homi-

652 3851 764 3896 nes
822 3829 1106 3896 illustres
1169 3830 1628 3918 extinguendos
1692 3831 1795 3915 (cf.
1867 3830 2012 3895 init.
2060 3831 2252 3895 huius
2300 3832 2527 3915 eapitis
2576 3836 2639 3895 et
2685 3828 2861 3895 XVI.
2911 3828 3045 3912 15).

655 3936 878 4003 Patres
923 3942 1140 4003 autem
1189 3934 1584 4002 Clementem
1636 3942 2022 4001 monuerunt
2070 3957 2182 4020 ne,
2232 3935 2590 4002 Gallionem
2638 3934 3040 4021 increpando,

655 4044 924 4111 Neronis
971 4042 1446 4119 anxitudinem,
1500 4063 1659 4127 quae
1685 4043 2049 4108 -Pisoniana
2090 4044 2519 4107 coniuratione
2560 4061 2840 4126 repressa
2877 4042 3046 4107 mul·

655 4152 864 4237 tisque
933 4149 1120 4215 claris
1188 4148 1557 4214 hominibus
1617 4152 1848 4214 eaesis·
1881 4149 2063 4214 modo
2122 4148 2340 4214 sedata
2400 4155 2605 4233 esset,
2670 4148 2749 4213 ad
2811 4168 3047 4215 novam

657 4259 991 4323 saevitiam
1041 4258 1369 4321 excitaret.
1494 4266 1500 4273 '

747 4362 961 4429 Unum
1009 4368 1074 4429 et
1119 4362 1392 4429 alterum
1443 4362 1655 4428 locum
1699 4364 2123 4451 subiungam,
2162 4365 2273 4429 ubi
2313 4361 2697 4431 vocabulum
2727 4361 3047 4447 desidet-0,

657 4467 1062 4539 librariorum
1111 4467 1508 4557 negligentia
1554 4470 1887 4534 omissum.
3094 4460 3101 4465 ’
