3414 5158
1183 1145 1745 1237 HOMERIGA
1800 1146 2481 1236 POSTERIORA.

1681 1385 1965 1436 semen·

1565 1583 1631 1650 S.
1686 1586 1764 1649 A.
1812 1583 1873 1650 N
1876 1583 2122 1648 ABER.

1710 1923 1955 1950 ,κω-

737 2205 953 2286 Quum
1014 2209 1160 2271 ante
1223 2227 1333 2270 sex
1382 2226 1574 2272 annos
1628 2207 2007 2287 quaestiones
2054 2207 2397 2270 Homerica-2
2442 2205 2693 2270 ederem
2718 2251 2734 2281 ,
2782 2207 3035 2289 impru-

647 2310 867 2376 denter
926 2312 1034 2398 egi
1059 2361 1078 2395 ,
1141 2311 1308 2396 quod
1369 2315 1436 2376 in
1499 2317 1785 2378 extrema
1846 2316 2079 2399 pagina
2125 2311 2339 2378 addidi
2389 2313 2589 2376 totius
2636 2311 2841 2394 operis
2886 2328 3033 2374 con-

647 2425 956 2501 spectum.
1053 2416 1397 2483 Ostendere
1443 2417 1770 2484 volueram
1834 2421 1901 2483 in
1963 2418 2163 2484 Iliade
2220 2421 2491 2504 quatuor
2552 2419 2732 2501 quasi
2790 2420 3033 2481 aetates

647 2522 960 2611 distingui
1007 2543 1218 2609 posse,
1289 2523 1514 2590 deinde
1577 2529 1650 2589 ut
1710 2524 1975 2591 lectores
2020 2544 2149 2591 uno
2197 2525 2425 2590 obtutu
2470 2541 2843 2610 cognoscere
2891 2541 3032 2607 pos-

645 2634 812 2714 sent,
865 2630 1019 2715 quid
1065 2629 1446 2715 disputando
1485 2631 1650 2696 mihi
1691 2630 1963 2696 effecisse
2002 2632 2283 2705 viderer,
2328 2630 2405 2694 de
2429 2628 2703 2716 singulis
2726 2629 3033 2694 carminis

643 2736 932 2821 partibus
995 2736 1446 2823 adscripseram
1469 2786 1484 2815 ,
1549 2742 1915 2802 vetustaene
1976 2737 2143 2801 mihi
2206 2736 2569 2801 viderentur
2632 2756 2765 2801 esse
2806 2757 2884 2799 an
2934 2755 3031 2800 re-

642 2846 874 2907 centes.
921 2842 1140 2908 Exorti
1189 2848 1340 2908 sunt
1385 2846 1452 2907 in
1495 2842 1837 2909 Germania
1876 2846 2117 2921 critici,
2160 2845 2269 2928 qui
2307 2843 2675 2907 festinantes
2712 2842 3028 2907 iudicium

642 2945 930 3012 tulerunt
984 2948 1062 3013 de
1109 2969 1328 3033 opere,
1379 2950 1544 3034 quod
1593 2970 1713 3037 ego
1760 2950 1929 3015 haud
1980 2971 2129 3015 sane
2178 2950 2479 3014 festinans
2526 2968 3027 3033 composueram.

641 3050 715 3117 Id
759 3050 892 3118 illis
940 3052 1203 3119 fortasse
1247 3058 1410 3121 vitio
1459 3060 1624 3121 verti
1673 3077 1798 3122 non
1846 3056 2035 3121 debet
2082 3060 2334 3141 propter
2378 3058 2761 3119 immensam
2806 3052 3031 3119 multi-

639 3156 931 3222 tudinem
977 3178 1194 3223 eorum
1244 3180 1404 3246 quae
1443 3162 1779 3245 quotannis
1818 3162 1895 3228 de
1932 3162 2216 3228 Homero
2260 3162 2698 3245 disputantur3
2738 3160 2851 3225 sed
2890 3162 3030 3225 iure

639 3268 856 3329 tamen
904 3285 1048 3331 meo
1095 3268 1272 3351 queri
1319 3286 1578 3351 possum
1625 3267 1822 3333 fuisse
1865 3271 1975 3353 qui
2015 3274 2387 3355 arroganter
2426 3267 2827 3341 damnarent,
2862 3266 3033 3350 quod

638 3389 718 3433 ne
781 3367 1086 3457 legissent
1143 3372 1400 3456 quidem
1425 3422 1443 3455 ,
1492 3394 1690 3457 quum
1742 3378 1898 3439 satis
1944 3374 2247 3439 haberent
2296 3371 2592 3438 vellicare
2640 3378 3030 3457 postremam

637 3477 961 3563 paginam.
1059 3476 1175 3541 Est
1223 3483 1389 3543 certe
1436 3500 1600 3544 unus
1647 3480 1726 3545 de
1774 3500 1991 3545 eorum
2042 3500 2306 3545 numero
2354 3498 2511 3563 quos
2557 3478 2738 3556 vo10‚
2787 3478 2865 3543 de
2904 3499 3032 3563 quo

637 3600 896 3667 possum
941 3581 1188 3667 liquido
1235 3582 1548 3649 affirmare
1596 3586 1759 3670 quod
1812 3585 1966 3650 dixi.
2016 3584 2201 3649 Unde
2239 3581 2489 3649 norim?
2536 3584 2783 3669 Nempe
2823 3585 3031 3649 sicubi

635 3686 918 3752 indicavi
985 3710 1284 3775 quomque
1347 3690 1648 3756 versiculi
1712 3692 1974 3775 quidam
2034 3690 2395 3775 interpolati
2442 3710 2575 3754 esse
2624 3690 3029 3765 viderentur,

633 3798 1029 3880 postremum
1097 3816 1352 3860 versum
1419 3796 1608 3862 modo
1670 3798 2121 3873 annumeravi,
2182 3796 2373 3861 modo
2435 3794 2695 3859 illorum
2762 3814 3031 3859 numero

634 3918 760 3964 non
807 3900 1277 3985 comprehendi.
1325 3900 1440 3965 Est
1485 3902 1638 3966 haec
1687 3922 1865 3977 mea,
1918 3904 1973 3966 si
2019 3904 2112 3966 ita
2150 3903 2286 3985 vis,
2326 3903 2571 3965 incuria
2616 3906 2681 3965 et
2720 3900 3033 3987 ambigua

633 4010 732 4071 est
793 4005 1260 4091 quodammodo
1320 4008 1679 4072 coniunctio
1741 4030 1923 4091 mque
1984 4009 2069 4071 ad
2074 4036 2103 4085 ;
2156 4008 2265 4071 sed
2310 4009 2393 4071 iis
2440 4009 2551 4091 qui
2598 4005 2838 4069 librum
2890 4025 3032 4088 per-

631 4110 885 4200 legent‚
959 4132 1056 4176 res
1121 4132 1474 4197 numquam
1533 4112 1807 4178 molesta
1870 4134 2004 4179 esse
2068 4118 2311 4198 potest,
2379 4132 2577 4197 quum
2643 4113 2813 4195 ipsos
2858 4109 3032 4175 locos

632 4216 868 4302 ubique
939 4214 1259 4293 αὐτοκεξεὶ
1332 4216 1797 4304 adscripserim.
1874 4218 2109 4285 Verum
2173 4220 2293 4285 hoc
2352 4220 2565 4303 ipsum
2634 4220 2702 4282 in
2752 4237 3030 4281 errorem

630 4322 886 4387 induxit
946 4324 1056 4407 qui
1115 4324 1184 4387 in
1240 4323 1359 4387 hac
1420 4326 1975 4390 commentationis
2036 4331 2214 4409 parte
2276 4322 2441 4388 nihil
2486 4322 2736 4410 legerat
2782 4327 3032 4405 praeter

632 4432 1017 4512 postremam
1064 4429 1397 4517 paginam;
1453 4429 1677 4496 deinde
1723 4432 2097 4496 criminatus
2144 4435 2241 4495 est
2286 4428 2531 4514 reliqua
2578 4426 2749 4493 male
2796 4427 3029 4494 cohae-
