3414 5158
1459 375 1701 426 menno.
2660 355 2797 430 395

405 551 556 614 sunt
624 547 822 616 etiam
888 544 1169 632 negotiis
1231 540 1744 627 anteponendae”
1811 541 1888 608 de
1959 562 2032 608 eo
2103 562 2334 630 genere
2382 543 2516 610 suis
2561 539 2798 609 finibus

406 655 677 720 minime
722 652 937 718 dubiis
1006 651 1519 734 circumscripto3
1594 650 2038 717 coniunctivus
2105 655 2228 714 siut
2250 695 2267 727 ,
2336 649 2756 736 qualitativas
2775 698 2793 730 ,

406 782 520 828 cur
580 762 959 826 restituatur
1030 778 1155 823 non
1233 756 1439 824 video.
1554 754 1651 822 De
1721 756 1880 822 Fato
1952 755 1994 820 4
2067 755 2278 842 „quod
2344 757 2467 822 tibi
2534 757 2798 844 gratum

407 867 699 952 futurum
782 863 908 930 sit”
990 884 1137 928 cum
1206 862 1522 929 modestia
1592 862 1867 949 quadam
1953 861 2212 928 dicitur.
2319 861 2616 930 Soloecus
2701 869 2800 930 est

408 972 851 1041 coniunctivus
906 969 999 1038 de
1064 968 1269 1057 Legg.
1319 968 1387 1034 II
1438 965 1521 1036 16
1594 989 1916 1054 „cumque
1962 970 2178 1035 omnia
2203 1015 2221 1047 ,
2271 989 2433 1053 quae
2479 971 2799 1037 rationem

406 1080 641 1146 habent
656 1126 675 1156 ,
751 1079 1072 1163 praestent
1161 1077 1243 1142 iis
1262 1124 1281 1160 ‚
1373 1095 1534 1162 quae
1626 1080 1750 1140 rint
1838 1077 2104 1142 rationis
2190 1075 2526 1160 expertia’'.
2619 1076 2801 1144 Infra

406 1183 490 1252 19
559 1184 804 1271 legitur
892 1173 1077 1262 „iam'
1136 1180 1461 1268 explorata
1528 1181 1710 1247 nobis
1779 1185 1932 1247 sunt
1999 1201 2072 1248 ea
2090 1230 2109 1266 ‚
2181 1201 2342 1268 quae
2413 1181 2493 1248 ad
2575 1181 2798 1250 domos

406 1296 651 1358 nostras
732 1309 1016 1375 quaeque
1101 1289 1183 1356 ad
1266 1287 1732 1374 rempublicam
1794 1285 2185 1372 pertineant?
2255 1287 2568 1374 siquidem
2643 1287 2800 1374 quid

404 1401 637 1486 agatur
682 1399 750 1463 in
798 1394 973 1462 coelo
1012 1394 1431 1481 quaerimus”.
1522 1393 1665 1460 Etsi
1711 1414 1898 1480 saepe
1933 1393 2208 1462 relativa
2243 1399 2309 1461 et
2338 1395 2800 1482 interrogativa

406 1503 721 1570 sententia
768 1499 1243 1574 confunduntur
1287 1502 1353 1566 et
1398 1499 1663 1585 reliquis
1709 1498 1992 1585 paribus,
2047 1506 2123 1567 ut
2165 1503 2390 1586 aiunt,
2429 1501 2509 1566 ad
2533 1503 2801 1567 interro-

409 1611 700 1698 gativam
746 1608 1121 1674 sententiam
1168 1604 1485 1692 proclives
1528 1611 1681 1674 sunt
1700 1635 1705 1640 ·
1727 1606 1946 1672 Latini
1995 1609 2330 1692 scriptores
2346 1656 2365 1692 ‚
2407 1611 2626 1674 tamen
2663 1606 2727 1671 h.
2754 1603 2796 1670 1.

404 1714 793 1783 indicativus
845 1714 1223 1798 requiritur,
1266 1731 1392 1778 non
1448 1713 1623 1778 enim
1669 1714 1997 1797 quaeritur
2044 1712 2200 1798 quid
2247 1713 2327 1788 ad
2372 1733 2597 1798 remp„
2645 1710 2800 1796 quid

406 1821 534 1890 alio
601 1821 933 1906 pertineat.
1028 1817 1349 1886 Similiter
1418 1816 1572 1905 Leg.
1643 1816 1677 1884 1
1747 1817 1790 1882 4
1864 1820 2026 1903 „nisi
2088 1840 2168 1885 ne
2213 1819 2407 1884 nimis
2455 1817 2802 1906 diligenter

405 1928 689 2012 inquiras
736 1928 805 1990 in
863 1946 937 1992 ea
954 1975 974 2011 ,
1022 1945 1185 2012 quae
1203 1979 1209 1985 .
1229 1927 1355 1991 isto
1400 1923 1589 1990 modo
1636 1926 1984 1991 memoriae
2029 1936 2173 1990 cunt
2217 1924 2512 2010 prodita”
2561 1924 2798 1990 indica-

411 2035 591 2102 tivus
658 2036 755 2098 est
799 2033 1208 2098 necessarius.
1280 2031 1475 2096 Acad.
1534 2051 1629 2116 pr.
1682 2030 1754 2096 II
1804 2029 1933 2096 115
1980 2030 2234 2098 defendi
2273 2034 2481 2117 potest
2527 2031 2800 2097 variatio

406 2139 740 2206 orationis:
793 2158 949 2218 „nos
996 2139 1108 2224 qui
1152 2137 1423 2202 nolumus
1469 2135 1667 2221 labi’',
1717 2136 1861 2216 „illi
1909 2138 2022 2222 qui
2060 2137 2184 2202 sibi
2197 2137 2616 2220 persuaserint
2637 2136 2800 2202 scire

406 2267 474 2313 se
542 2243 709 2312 solos
778 2244 1045 2323 omnia'';
1110 2245 1291 2330 prius
1359 2244 1529 2309 enim
1594 2243 1933 2329 professio,
1981 2242 2256 2310 alterum
2303 2243 2620 2310 iudicium
2666 2246 2763 2308 est
2775 2261 2796 2322 ;

407 2355 577 2418 recte
639 2352 863 2434 utique
924 2349 1237 2416 Mullerus
1295 2349 1532 2416 mutati
1594 2350 1772 2415 modi
1832 2357 2089 2416 cansam
2136 2370 2272 2416 esse
2319 2348 2757 2435 explicandam
2781 2394 2800 2426 ,
2921 2375 2930 2381 ·

406 2477 523 2524 nec
581 2461 819 2522 temere
880 2458 1117 2524 variari
1176 2459 1392 2522 sentit.
1484 2454 1580 2520 De
1640 2454 1785 2521 Fin.
1826 2454 1880 2520 I.
1936 2453 2022 2520 38
2073 2455 2282 2533 „illud
2327 2457 2499 2521 enim
2545 2455 2759 2539 ipsum
2781 2499 2798 2531 ,

412 2561 583 2649 quod
630 2560 1013 2648 quibusdam
1060 2560 1349 2628 medium
1396 2560 1635 2627 videtur
1653 2608 1669 2638 ‚
1721 2579 1870 2629 eum
1918 2561 2092 2627 omni
2140 2559 2352 2627 dolore
2377 2563 2652 2639 careret,
2673 2578 2800 2627 non
2909 2630 2912 2633 ,

409 2665 605 2735 modo
656 2665 1051 2755 voluptatem
1100 2686 1233 2734 esse
1252 2714 1269 2745 ,
1316 2688 1543 2733 verum
1598 2669 1798 2733 etiam
1842 2686 2168 2732 summam
2209 2664 2645 2752 voluptatem’'
2691 2686 2798 2730 ne-

411 2774 759 2839 cessarium
824 2778 923 2839 est
976 2772 1294 2839 videretur.
1391 2773 1589 2840 Acad.
1638 2793 1736 2859 pr.
1784 2772 1870 2838 ΙΙ.
1927 2771 2016 2837 44
2067 2776 2164 2851 „si
2211 2774 2381 2839 enim
2429 2771 2642 2839 dicent
2679 2790 2761 2837 ea
2778 2818 2796 2848 ‚

409 2876 487 2943 de
544 2879 779 2965 quibus
825 2880 1116 2945 disserent
1132 2926 1149 2957 ,
1196 2900 1265 2945 se
1309 2878 1589 2945 dilucide
1633 2878 2026 2965 perspicere’'
2071 2881 2286 2945 minus
2331 2882 2506 2945 recte
2549 2877 2798 2943 dictum

405 2990 569 3051 esset
622 2985 925 3051 diceet-unt
935 3006 953 3065 ς
1018 2986 1310 3052 futurum
1374 3006 1452 3052 ex
1498 2990 1784 3070 tempore
1829 2989 1895 3051 et
1939 3005 2206 3071 persona
2249 2983 2570 3069 loquentis
2614 3003 2798 3051 usur-

405 3096 594 3177 patur
666 3096 731 3156 et
796 3093 1111 3159 sententia
1174 3090 1445 3159 relativa
1512 3113 1639 3158 non
1702 3095 1800 3159 est
1861 3090 2246 3178 simpliciter
2290 3111 2435 3177 pars
2483 3089 2800 3157 enuntiati

406 3194 615 3261 alieni.
712 3195 809 3261 De
864 3197 1004 3263 Fin.
1064 3197 1156 3263 Π.
1227 3196 1310 3263 12
1370 3202 1587 3263 contra
1648 3196 2066 3285 Madvigium
2111 3198 2273 3263 facio
2319 3217 2468 3263 cum
2516 3195 2797 3264 Mullero

404 3307 545 3389 post
614 3308 948 3389 quicunque
1006 3306 1075 3368 in
1135 3306 1415 3370 oratione
1482 3303 1815 3389 „obliqua”
1877 3303 2306 3373 indicativum
2350 3307 2573 3370 tuente
2587 3352 2608 3389 ,
2655 3305 2799 3387 post

406 3406 737 3499 indefinita
782 3407 1053 3475 relativa
1100 3411 1270 3474 enim
1319 3409 1399 3476 ad
1445 3409 1870 3476 indicativum
1917 3410 2128 3477 facilis
2168 3414 2474 3477 transitus
2498 3414 2613 3477 est.
2660 3408 2799 3475 Nec

406 3516 623 3580 minus
686 3516 849 3581 ratio
912 3519 1173 3602 apparet
1231 3514 1571 3581 indicativi
1616 3514 1742 3580 Fin
1786 3512 1872 3580 V.
1931 3516 2041 3579 20.
2089 3512 2181 3579 At
2227 3514 2314 3581 V.
2363 3514 2444 3581 81
2499 3514 2798 3593 „attende

406 3641 512 3686 me
573 3620 742 3687 illud
809 3622 1015 3689 dicere
1032 3669 1053 3699 ,
1115 3623 1171 3687 si
1236 3623 1362 3688 ista
1424 3619 1597 3687 mala
1659 3621 1785 3685 sint
1807 3670 1823 3697 ,
1885 3622 1950 3687 in
2015 3641 2176 3707 quae
2245 3626 2451 3707 potest
2519 3619 2794 3686 incidere

404 3728 655 3813 sapiens
672 3776 693 3812 ‚
748 3730 1102 3814 sapientem
1155 3748 1291 3795 esse
1334 3748 1461 3793 non
1506 3729 1664 3794 satis
1713 3747 1846 3794 esse
1889 3726 1969 3792 ed
2015 3728 2197 3794 beate
2236 3725 2628 3794 vivendum”
2669 3726 2795 3790 sint

404 3836 653 3919 requiro
716 3839 933 3901 contra
994 3834 1239 3901 codices
1259 3881 1278 3918 ,
1342 3854 1613 3919 quorum
1676 3836 1914 3918 quanta
1973 3835 2060 3899 sit
2119 3834 2187 3898 in
2245 3833 2365 3901 hoc
2410 3833 2754 3900 auctoritas
2773 3878 2792 3911 ‚

403 3960 591 4007 nemo
656 3943 892 4018 nescit3
943 3943 1214 4028 urgetur
1258 3940 1579 4018 condicio;
1626 3939 1738 4007 sed
1789 3942 1898 4019 „in
1944 3960 2104 4025 quae
2130 3976 2212 3989 —
2255 3938 2544 4025 sapiens’'
2589 3959 2794 4027 genus

404 4051 651 4113 certum
734 4048 1151 4112 constituunt.
1245 4045 1438 4111 Tusc.
1508 4044 1559 4110 I.
1637 4042 1720 4110 13
1787 4047 2063 4111 varietas
2132 4045 2468 4111 modorum
2538 4044 2792 4114 defendi

403 4154 637 4236 potest.
732 4148 827 4216 Ib.
877 4150 953 4216 V.
998 4148 1085 4216 85
1138 4171 1302 4229 „nec
1339 4151 1512 4215 enim
1561 4148 1716 4216 licet
1762 4152 1880 4229 iis,
1931 4153 2041 4236 qui
2089 4149 2346 4216 laudem
2385 4171 2534 4215 cum
2574 4148 2788 4215 dolore
2907 4236 2911 4239 .

404 4255 741 4342 petendam
784 4277 934 4323 esse·
973 4256 1217 4334 dicant,
1268 4276 1501 4343 negare
1546 4276 1651 4321 eos
1698 4275 1833 4321 esse
1879 4255 2096 4323 beatos
2114 4302 2131 4332 ,
2182 4258 2294 4341 qui
2340 4255 2523 4321 illam
2574 4255 2788 4341 adepti

403 4362 568 4427 eint”
618 4366 803 4427 acute
848 4383 887 4428 a
929 4360 1211 4427 Mullero
1257 4360 1586 4427 defensum
1635 4364 1732 4427 est
1777 4362 2018 4447 dicam
2065 4360 2142 4427 de
2185 4362 2372 4427 certis
2394 4361 2786 4441 hominibus,

404 4468 850 4555 Peripateticis
868 4513 887 4546 ‚
936 4486 1142 4533 sermo
1188 4470 1317 4545 est,
1362 4468 1495 4532 iam
1542 4470 1696 4533 satis
1746 4464 2057 4545 definitis,
2107 4466 2598 4551 membrumque
2619 4466 2779 4532 illud
