3414 5158
711 346 800 412 60
1778 364 2019 417 cronno.

1305 538 1338 571 ιι
1348 536 1570 570 ιιιιιιιι
1575 534 1658 571 »21
1663 536 1873 571 ιιιιιιι

983 602 1755 694 uwmnmlonan'rpljnncns

709 730 988 797 Litterae
1025 730 1280 815 punctis
1318 734 1570 795 notatae
1608 728 1911 795 delendae
1962 732 2149 813 sunt3
2198 728 2407 794 voluit
2452 728 2753 795 librarius
2771 776 2789 811 ,
2828 728 2940 812 qui
2978 724 3109 791 illa.

707 857 899 922 supra
937 857 1190 903 versum
1239 837 1526 921 scripsit,
1579 838 1775 902 etiam
1822 852 1861 899 'r
1910 836 2005 911 (in
2042 835 2170 922 tur)
2218 834 2464 901 delere:
2522 838 2636 919 „ut
2674 836 2743 902 vi
2782 834 3107 900 deicerem

709 944 844 1009 sive
905 944 1042 1028 ipse
1097 941 1532 1019 deiecissem”,
1583 941 1691 1007 sed
1736 960 2002 1026 pravam
2048 940 2236 1006 illam
2282 943 2736 1007 correctionem
2780 958 2905 1005 non
2952 958 3105 1023 per-

707 1048 878 1113 fecit.
926 1047 1134 1114 Aliter
1173 1048 1416 1114 iudicat
1453 1046 1753 1114 Kellerus
1792 1047 1896 1133 (cf.
1942 1049 2139 1112 etiam
2164 1046 2416 1133 Halm.)
2468 1050 2556 1115 At
2577 1048 2633 1113 si
2659 1046 2867 1112 deleta
2890 1043 3111 1111 voluit

709 1174 936 1220 manus
982 1154 1099 1219 illa
1143 1154 1344 1220 altera
1395 1155 1588 1221 verba
1633 1160 1750 1231 „ut
1786 1155 1855 1220 vi
1895 1152 2233 1237 deiceret’'‚
2268 1156 2405 1219 sine
2442 1153 2637 1219 dubio
2684 1173 2758 1218 ea
2796 1147 3111 1216 similiter

709 1265 898 1345 atque
960 1283 1036 1324 ur
1084 1259 1438 1328 delevisset.
1489 1260 1898 1347 Legendum:
1951 1261 2129 1337 „sive
2174 1258 2516 1325 consilium
2564 1260 2819 1324 inissem
2845 1304 2863 1338 ,
2910 1262 2987 1321 ut
3029 1257 3107 1321 vi

709 1366 1061 1433 deiceretur
1080 1414 1097 1443 ,
1148 1370 1285 1435 sive
1329 1368 1466 1452 ipse
1513 1364 1953 1432 deiecissem.”

801 1470 926 1537 Sed
973 1473 1311 1538 manifesto
1351 1471 1682 1538 oculorum
1720 1492 1927 1539 errore
1970 1471 2251 1539 alienum
2297 1472 2803 1538 additamentum
2846 1469 3109 1552 irrepsit

710 1599 826 1642 non
883 1579 1050 1642 modo
1110 1600 1305 1642 cervos
1369 1580 1406 1663 ς
1453 1575 1538 1642 53
1558 1626 1574 1654 ,
1639 1598 1801 1663 quae
1862 1578 2057 1645 verba
2122 1579 2220 1644 bis
2265 1576 2601 1664 leguntur,
2648 1580 2916 1659 utroque
2959 1572 3103 1639 loco

708 1689 855 1769 post
901 1690 1050 1748 met
1067 1730 1084 1760 ,
1132 1684 1224 1750 sic
1273 1689 1347 1749 ut
1391 1686 1598 1769 priore
1645 1684 1725 1749 ab
1771 1683 2039 1749 Halmio
2085 1685 2229 1749 iure
2274 1685 2679 1749 omittantur.

803 1787 1014 1854 Affine
1089 1791 1329 1856 vitium
1400 1789 1850 1855 assimilationi
1910 1788 2271 1855 litterarum
2297 1836 2313 1868 ,
2385 1788 2464 1854 de
2527 1808 2652 1873 qua
2714 1804 2905 1873 supra
2922 1833 2941 1868 ,
3006 1790 3107 1850 est

708 1892 899 1980 paulo
939 1899 1085 1960 ante
1123 1895 1160 1979 ᾖ
1206 1892 1291 1959 29
1340 1895 1458 1960 sub
1505 1895 1550 1958 f.
1605 1895 1719 1958 ubi
1763 1893 2112 1982 legendum
2164 1899 2350 1979 puto:
2410 1896 2539 1973 „si,
2591 1916 2719 1957 eum
2762 1895 2857 1957 ita
2901 1892 3101 1956 inter-

713 2000 957 2065 dictum
1021 2004 1117 2064 est
1163 2006 1228 2064 et
1275 2000 1526 2083 sponsio
1575 1999 1776 2075 facta,
1826 2019 1945 2086 ego
1996 2020 2100 2065 me
2148 1999 2227 2065 ad
2272 1999 2553 2065 iudicem
2600 1998 2691 2063 sic
2732 1995 3063 2063 defendam
3080 2044 3103 2079 ,

712 2106 781 2170 vi
829 2124 935 2170 me
982 2104 1281 2170 deiecisse
1327 2103 1625 2170 confitear
1643 2155 1662 2178 ‚
1705 2103 1851 2170 dolo
1892 2104 2065 2171 malo
2102 2125 2330 2192 negem
2355 2153 2372 2183 ,
2408 2108 2623 2191 ecquis
2662 2125 2766 2170 me
2808 2102 3025 2169 audiat
3042 2098 3105 2166 ‘P’

713 2204 926 2275 Codex
969 2209 1164 2275 habet
1211 2226 1522 2276 s1ou‘r1‘rA.
1571 2210 1698 2276 Pro
1750 2211 1839 2273 eie
1880 2209 2031 2277 MS:
2086 2212 2161 2275 εἰ.

807 2424 872 2490 N
873 2424 1269 2513 eglegentiae
1309 2429 1421 2490 aut
1462 2445 1693 2510 pravae
1737 2426 2165 2493 emendationi
2212 2429 2519 2494 debentur
2564 2429 2779 2513 quibus
2824 2445 2937 2512 pro
2984 2447 3104 2510 qua

711 2534 781 2597 in
840 2529 941 2596 his
1001 2530 1036 2614 §
1085 2529 1205 2597 41:
1275 2550 1518 2616 „neque
1566 2533 1740 2597 enim
1784 2534 1843 2598 is
1863 2582 1880 2616 ,
1931 2535 2042 2619 qui
2091 2534 2209 2601 hoc
2255 2534 2568 2600 iudicium
2620 2533 2830 2618 dedit,
2879 2532 2956 2599 de
3002 2552 3105 2599 ce-

713 2638 868 2708 teris
930 2636 1179 2702 damnis
1249 2638 1327 2703 ab
1389 2637 1534 2726 lege
1597 2638 1860 2725 Aquilia
1920 2640 2185 2716 recedit,
2234 2643 2301 2706 in
2348 2665 2466 2726 qua
2511 2640 2675 2706 nihil
2722 2643 2939 2727 agitur
2979 2641 3105 2703 nisi

715 2743 1066 2809 damnum’'
1139 2749 1203 2809 et
1265 2767 1628 2826 oppuynaeee
1691 2745 1727 2828 ξ
1776 2745 1883 2810 55.
1946 2745 2269 2832 Fortasse,
2330 2751 2542 2832 inquit
2606 2745 2878 2823 Fabius,
2926 2743 3102 2810 Tulli

712 2851 882 2914 servi
957 2869 1168 2914 meam
1233 2849 1457 2915 villam
1523 2857 1928 2932 oppuynaturi
1984 2862 2184 2931 erant,
2248 2859 2576 2938 propterea
2638 2851 2931 2937 equidem
2998 2870 3101 2916 eos

712 2956 1017 3038 occupavi
1085 2957 1148 3018 et
1211 2973 1548 3041 aggressus
1611 2975 1793 3038 sum3
1858 2956 2075 3042 agitur
2123 2959 2201 3023 de
2248 2957 2543 3041 consili0‚
2595 2978 2719 3024 non
2769 2958 2845 3024 de
2892 2958 3096 3042 facto,

713 3060 1250 3145 quemadmodum
1314 3080 1482 3126 nunc
1543 3059 1616 3125 fit
1677 3063 1742 3125 in
1789 3062 1910 3128 hac
1958 3061 2259 3128 lectione:
2314 3064 2635 3141 „dubitari
2682 3065 2801 3130 hoc
2849 3069 3059 3149 potest
3087 3112 3105 3142 ‚

716 3167 1195 3249 reciperatores,
1245 3168 1376 3231 utri
1423 3189 1786 3252 oppuynaoee
1834 3169 2199 3248 videantur3
2253 3173 2364 3254 qui
2407 3169 2485 3236 ad
2526 3170 2750 3236 villam
2796 3174 3103 3234 venerunt

719 3290 797 3335 an
845 3271 956 3354 qui
1015 3273 1084 3334 in
1131 3269 1287 3336 villa
1333 3279 1698 3337 manserunt
1720 3270 1788 3336 ‘P’
1836 3273 1980 3340 Non
2028 3275 2145 3340 hoc
2192 3277 2536 3364 agebatur,
2586 3275 2695 3342 sed
2740 3281 2920 3341 utros
2968 3295 3105 3362 pro-

717 3374 994 3442 babilius
1055 3381 1216 3442 esset
1279 3379 1589 3442 consilium
1645 3381 1921 3464 agitasse
1968 3379 2045 3446 de
2092 3382 2535 3469 oppugnando.
2630 3382 2946 3467 Requiro:
2996 3402 3105 3467 op·

715 3482 1058 3569 pugnaturi
1101 3483 1342 3567 fuisse.
1411 3479 1509 3548 Of.
1557 3483 1749 3568 paulo
1798 3493 1976 3551 ante:
2029 3493 2513 3574 „oppugnatum
2572 3492 2826 3554 venturi
2872 3487 3103 3555 erant.”

801 3694 876 3760 In
935 3715 1060 3760 uno
1121 3695 1274 3762 folio
1334 3698 1634 3763 orationis
1701 3715 1769 3762 m
1832 3695 2132 3765 Ononnm
2180 3718 2259 3766 nr
2308 3698 2647 3768 Onmoxmu
2693 3723 2807 3788 pro
2854 3703 3105 3768 modico

711 3801 960 3868 ambitu
1006 3801 1196 3886 paulo
1245 3801 1434 3889 plura
1483 3804 1713 3870 menda
1764 3809 1913 3868 sunt
1935 3851 1951 3881 ,
2003 3805 2314 3889 quaedam
2360 3805 2657 3873 lacunosa
2677 3855 2692 3884 ,
2738 3813 2803 3874 et
2844 3811 3101 3872 incerta.

711 3908 1020 3974 Maiorem
1066 3915 1314 3993 partem
1363 3913 1660 3976 tractavit
1710 3911 2003 3988 Bootius‚
2055 3911 2134 3977 ad
2183 3913 2316 3976 Att.
2368 3912 2422 3976 1.
2477 3911 2578 3977 16.
2634 3914 2720 3978 44
2774 3919 2916 3998 post
2949 3910 3105 3978 Hal-

709 4017 950 4092 mium,
1023 4013 1454 4103 Sitzungsber.
1520 4016 1630 4080 der
1689 4016 1912 4102 Bayer.
1966 4017 2171 4082 Akad.
2224 4015 2418 4082 1862.
2468 4017 2587 4084 Bd.
2637 4018 2699 4084 ΙΙ
2745 4042 2806 4105 p.
2862 4019 3102 4086 1-44,

710 4120 868 4188 Volo
909 4143 983 4187 ea
1020 4141 1180 4206 quae
1225 4121 1531 4209 leguntur
1574 4143 1635 4207 p.
1689 4121 1795 4187 65.
1824 4147 1880 4187 a.
1930 4124 2074 4188 infr.
2128 4145 2227 4211 ap.
2278 4123 2641 4211 Peyronum
2667 4175 2683 4205 ,
2724 4130 2789 4191 in
2830 4127 3103 4214 Kayseri

709 4227 986 4294 editione
1032 4227 1105 4291 Β.
1157 4225 1338 4292 XIII.
1389 4229 1431 4289 4
1477 4228 1512 4311 §
1553 4227 1594 4292 2
1629 4228 1786 4314 (vol.
1831 4229 1982 4312 XI),
2026 4230 2287 4297 alterius
2330 4229 2686 4298 Orellianae
2724 4233 2831 4298 1V.
2856 4255 2918 4318 p.
2949 4232 3099 4310 948,

707 4331 815 4396 ubi
879 4335 972 4398 sic
1029 4333 1431 4400 scribendum
1479 4340 1668 4419 puto:
1723 4334 2065 4412 „Primum
2111 4337 2305 4404 homo
2353 4338 2550 4404 durus
2598 4361 2671 4406 ac
2720 4341 2963 4425 priscus
3006 4341 3102 4405 in-

703 4443 923 4504 vectus
992 4447 1088 4505 est
1148 4443 1216 4505 in
1275 4460 1378 4506 eos
1401 4489 1416 4519 ,
1469 4443 1579 4527 qui
1629 4460 1846 4507 mense
1896 4441 2103 4528 Aprili
2150 4443 2319 4529 apud
2366 4444 2553 4513 Baias
2598 4450 2808 4513 essent
2855 4483 2938 4498 —-
2990 4483 3099 4514 —.
