3414 5158
627 349 761 416 312
1632 366 1986 418 nunn’mns.

1088 535 1139 600 εἰ
1187 532 1308 599 θεοί
1352 558 1412 597 τι
1460 532 1668 614 δρῶσιν
1718 532 2017 616 αἰσχρόν,
2064 535 2169 599 οὐκ
2217 532 2367 598 εἰσὶν
2414 534 2551 599 θεοί.

717 638 1222 727 Bellerophontis
1280 643 1480 706 oratio
1543 646 1713 707 recte
1780 644 1847 705 et
1906 639 2123 705 ordine
2166 639 2452 725 procedit
2496 660 2699 725 usque
2745 639 2824 705 ad
2872 660 3017 705 ver-

625 767 768 811 sum
831 750 1119 825 sextum,
1183 746 1292 811 sed
1354 766 1518 832 quae
1577 752 1932 831 sequuntur
1990 751 2134 832 post
2181 747 2371 813 verba
2418 745 2624 822 ἶῶμεθ’
2673 747 2872 818 αὐτάς
2917 748 3017 812 ita

625 873 854 938 parum
922 859 1069 941 apte
1129 873 1486 919 sermonem
1535 851 1881 929 claudunt,
1934 863 2007 917 ut
2050 854 2281 919 merito
2326 854 2665 939 suspiceris
2710 859 2853 939 post
2895 852 3017 919 illa

626 960 821 1025 verba
864 961 1172 1026 maiorem
1222 958 1627 1025 statuendam
1679 978 1815 1027 esse
1858 958 2153 1025 lacunam
2173 1007 2191 1042 ,
2232 979 2425 1044 quam
2463 958 2765 1025 librarius
2804 958 3015 1046 exple-

627 1064 794 1131 verit
855 1066 1066 1131 verbis
1127 1066 1302 1130 ἀλλὰ
1356 1102 1438 1113 -
1488 1064 1639 1130 θέλω
1701 1065 2135 1152 (expectabam
2184 1071 2383 1131 certe:
2434 1062 2611 1131 ἄλλοί
2657 1088 2749 1130 σοι
2794 1063 3012 1143 λέγω

627 1170 861 1257 τάδε).
955 1170 1408 1257 Bellerophon,
1461 1178 1536 1237 ut
1583 1178 1844 1257 apparet
1888 1192 1965 1237 ex
2012 1171 2088 1236 fr.
2138 1168 2305 1247 288,
2356 1172 2511 1237 deos
2548 1191 2673 1237 non
2712 1192 2845 1237 esse
2886 1190 3014 1236 cre-

629 1278 856 1357 debat,
930 1284 996 1344 et
1068 1277 1332 1345 fortasse
1396 1277 1533 1343 loco
1595 1286 1809 1343 nostro
1874 1277 2307 1343 demonstrare
2367 1277 2655 1354 volebat,
2718 1298 2797 1343 ne
2856 1279 3015 1363 ipsis

628 1385 888 1470 quidem
949 1386 1034 1450 iis
1052 1435 1073 1468 ,
1139 1387 1249 1471 qni
1309 1384 1458 1451 deos
1518 1384 1828 1462 colerent,
1879 1382 2149 1449 firmiter
2192 1404 2565 1469 persuasum
2615 1404 2749 1450 esse
2794 1404 2899 1451 eos
2942 1404 3015 1449 re

629 1512 782 1558 vera
819 1502 1064 1557 exstare
1105 1496 1221 1557 aut
1267 1500 1436 1557 certe
1475 1510 1691 1556 curare
1729 1510 1831 1555 res
1868 1490 2197 1556 humanas.
2249 1488 2387 1556 Hos
2425 1492 2593 1557 enim
2622 1490 2720 1557 dis
2744 1492 3015 1556 auctori-

630 1599 750 1665 bus
813 1596 1162 1663 tribuentes
1222 1602 1470 1682 partem
1517 1616 1740 1661 eorum
1788 1616 1947 1680 quae
1992 1595 2279 1661 homines
2328 1594 2765 1681 delinquerent
2782 1645 2799 1679 ,
2848 1596 3015 1661 eius-

629 1704 808 1771 modi
868 1710 1082 1769 tamen
1149 1703 1380 1770 delicta
1443 1701 1586 1789 lege
1647 1704 1872 1788 punire
1917 1701 2087 1767 haud
2140 1700 2324 1767 aliter
2372 1721 2563 1787 quam
2613 1701 2970 1768 voluntaria
2992 1750 3011 1779 ,

628 1810 817 1894 licet,
881 1811 934 1875 si
999 1809 1261 1875 sibimet
1322 1810 1478 1894 ipsis
1541 1814 1931 1886 constarent,
1993 1808 2285 1893 impunis
2356 1828 2430 1873 ea
2509 1808 2833 1875 dimittere
2902 1814 3018 1874 aut

633 1921 801 1982 certe
863 1914 990 1981 alio
1036 1915 1224 1979 modo
1271 1916 1583 2001 castigare
1629 1914 1947 1979 deberent.
2043 1913 2411 1989 Praeterea,
2462 1916 2705 2000 inquit,
2757 1934 2831 1981 eo
2874 1917 3017 1999 ipso

632 2020 802 2107 quod
843 2020 992 2087 deos
1035 2018 1492 2086 maleficiorum
1541 2028 1830 2085 auctores
1876 2040 2009 2085 esse
2059 2019 2324 2085 credunt
2368 2019 2657 2085 homines
2703 2019 2852 2086 deos
2896 2018 3016 2085 tol·

631 2127 761 2194 lere
832 2127 1243 2192 manifestum
1307 2130 1402 2191 est
1422 2174 1441 2210 ,
1503 2127 1559 2189 si
1617 2124 1877 2210 quidem
1935 2128 2029 2190 ita
2085 2126 2363 2211 improbi
2424 2126 2661 2203 forent,
2711 2146 2873 2211 quae
2914 2146 3017 2191 res

633 2237 881 2320 pugnat
926 2252 1074 2297 cum
1121 2235 1338 2297 sancta
1385 2250 1602 2297 eorum
1653 2235 1899 2296 natura.
1949 2230 2027 2297 In
2074 2252 2167 2296 vs.
2220 2230 2261 2295 5
2301 2251 2433 2317 sqq.
2484 2234 2923 2317 expectabam:

1948 2338 2098 2401 ἀλλ’
2144 2331 2352 2414 ὅμως
2402 2336 2562 2419 νόμῳ

1091 2441 1300 2523 ithus?
1351 2442 1552 2516 οιῦτὰς
1601 2440 1684 2519 ἐξ
1733 2440 1907 2508 ἴσου
1952 2442 2055 2484 ¹¹²*

1089 2550 1142 2616 εἰ
1189 2547 1310 2616 θεοί
1353 2550 1482 2614 xri.

727 2762 986 2852 Fragm.
1039 2761 1170 2828 328

1086 2865 1180 2949 ἄρ’
1229 2866 1377 2936 οἷσθ’
1426 2869 1694 2952 ὁθούνεκ’
1742 2871 1795 2935 οἱ
1841 2871 1954 2948 μὲν
2002 2871 2279 2948 εὐγενεῖς
2328 2869 2558 2949 βροτῶν

1089 2977 1343 3051 πένητος
1390 2975 1560 3050 ὄντες
1611 2976 1775 3041 οὐδὲν
1820 2975 2280 3058 ἀλφοὶνουο·’
2328 2973 2445 3041 ἔτι.

723 3080 786 3147 Ν
787 3101 868 3146 on
929 3084 1242 3166 persuasit
1301 3081 1466 3146 mihi
1528 3078 1731 3147 Cobet
1790 3082 2143 3166 praeferens
2204 3084 2453 3149 variam
2514 3081 2853 3148 lectionem
2902 3081 3019 3158 ἒμ-

629 3186 944 3270 φαίνουσ’,
993 3208 1142 3254 nam
1189 3188 1354 3253 οὐδὲν
1391 3188 1717 3270 ἐμφαίνειν
1754 3186 1884 3252 dici
1922 3189 2201 3273 potuisse
2240 3209 2353 3274 pro
2390 3189 2661 3265 οὐδαμοῦ
2690 3186 3015 3268 §balneam

627 3293 802 3362 haud
847 3292 1032 3360 facile
1078 3294 1348 3361 credam.
1443 3292 1678 3361 Contra
1728 3293 1997 3381 vulgata
2036 3296 2355 3379 scriptura
2390 3315 2644 3380 prorsus
2684 3292 3019 3380 respondet

631 3398 1009 3468 vernaculae
1076 3399 1417 3484 locutioni:
1489 3405 1645 3465 nien
1704 3400 1921 3482 ,qelden
1939 3448 1958 3484 ,
2030 3400 2404 3485 metaphora
2468 3405 2685 3466 sumta
2734 3420 2785 3476 ‚a
2828 3401 3019 3466 rebus

630 3507 982 3574 venalibus.
1049 3504 1270 3574 Verto:
1331 3507 1564 3572 nullius
1625 3506 1882 3590 amplius
1927 3529 2051 3570 eene
2093 3506 2314 3591 pretii,
2362 3526 2441 3572 ex
2488 3506 2826 3572 hominum
2874 3505 3014 3572 scil.

635 3615 1094 3682 aestimatione.

727 3827 987 3917 Fragm.
1043 3826 1168 3894 361

999 3935 1232 4002 Osa-&v
1282 3935 1344 4001 δὲ
1392 3935 1626 4002 παίδων
1671 3939 1789 4000 τοῦ
1841 3935 2099 4016 apis-0⁴53
2155 3935 2243 4000 τὰ
2289 3935 2505 4019 φύντα
2550 3936 2678 4017 γὰρ

999 4041 1249 4122 κρείσσω
1299 4039 1558 4120 νομίζειν
1605 4048 1753 4107 τῶν
1803 4038 2289 4117 δοκημάτων
2338 4040 2553 4122 χρεών.

735 4145 1000 4212 Vertunt
1063 4150 1352 4234 „genitos
1415 4150 1589 4214 enim
1648 4147 1925 4230 speciosis
1968 4149 2455 4232 praestantiores
2502 4148 2729 4214 ducere
2774 4147 3019 4216 decet.”

637 4252 847 4320 Pravo
905 4258 1001 4318 est
1059 4256 1126 4319 in
1185 4254 1288 4319 hie
1350 4256 1661 4339 oppositio
1681 4303 1698 4330 ‚
1768 4274 1882 4319 nec
1937 4252 2234 4341 intelligo
2282 4273 2393 4318 cur
2438 4255 2685 4336 epeeiosi
2731 4254 3024 4321 dicantur

639 4362 752 4425 aut
793 4359 1146 4425 habeantur
1191 4358 1378 4426 liberi
1425 4360 1711 4442 adoptati.
1783 4358 2067 4444 Caderet·
2099 4360 2248 4444 hoc,
2296 4365 2371 4425 ut
2417 4361 2686 4426 arbitror
2702 4410 2717 4436 ‚
2768 4363 2833 4425 in
2882 4383 3023 4446 sup-

626 4463 964 4554 poeiticioe,
1037 4485 1192 4552 quos
1253 4464 1494 4554 vulg-us
1557 4461 1944 4533 Graecorum
1995 4467 2515 4548 ὑποβολιμαίους,
2568 4465 2907 4556 Sophocles
2952 4470 3025 4534 in
