3414 5158
1491 385 1730 438 meno.
2663 363 2796 436 89¹7

492 551 555 622 9.
611 553 923 632 „Proinde
984 557 1167 640 quasi
1231 554 1410 620 bonis
1460 559 1525 618 et
1573 554 1842 618 fortibus
1891 559 1958 618 et
2003 572 2243 639 magno
2291 551 2506 618 animo
2552 551 2806 636 praedi-

402 661 487 724 tis
544 660 681 728 ulla
742 665 829 726 sit
892 663 971 727 ad
1034 682 1167 726 rem
1236 659 1559 744 publicam
1608 659 1882 723 adeundi
1929 678 2120 724 causa
2163 660 2392 723 iustior
2412 705 2428 736 ,
2475 677 2670 742 quam
2715 679 2798 722 ne

400 772 663 850 pareant
709 769 1055 852 improbis,
1108 787 1269 832 neve
1315 767 1393 830 ab
1442 765 1649 830 isdem
1700 763 1964 830 lacerari
2011 784 2148 829 rem
2190 763 2518 848 publicam
2541 766 2794 848 patian-

398 881 541 950 tur,
575 892 737 937 cum
788 874 911 957 ipsi
961 871 1277 936 auxilium
1326 873 1525 947 ferre,
1575 874 1631 934 si
1676 872 1975 954 cupiant,
2024 891 2153 936 non
2199 869 2502 954 queant'’.

490 977 712 1062 Itaque
772 981 1089 1064 sapientes
1150 978 1241 1042 rei
1304 975 1599 1062 publicae
1664 974 1982 1040 auxilium
2029 976 2192 1041 ferre
2235 995 2360 1041 non
2416 981 2651 1060 queant
2670 1020 2687 1052 ,
2738 976 2793 1039 si

400 1081 701 1168 cupiant?
762 1083 1123 1148 Iustissima
1185 1089 1348 1148 esset
1416 1101 1605 1147 causa
1666 1083 1749 1146 iis
1817 1081 2148 1146 recedendi
2209 1102 2248 1146 a
2311 1102 2380 1146 re
2423 1080 2683 1166 publica
2731 1081 2789 1144 si

398 1192 665 1266 scirent,
749 1188 915 1254 nihil
984 1209 1053 1254 se
1122 1187 1367 1254 efficere
1436 1207 1635 1272 posse.
1744 1185 2152 1253 Contrarium
2223 1186 2432 1252 voluit
2500 1189 2789 1271 scriptor.

398 1293 647 1379 Nempe
720 1295 1093 1360 conferenda
1158 1303 1309 1358 sunt
1376 1293 1531 1358 haec
1599 1291 1823 1378 (311):
1917 1295 2070 1377 „qui
2139 1295 2438 1359 convenit
2505 1291 2798 1378 polliceri

317 1469 323 1474 ,
400 1417 655 1482 operam
706 1399 888 1464 suam
934 1400 1027 1464 rei
1074 1398 1367 1484 publicae
1412 1403 1556 1462 tum
1604 1397 1913 1482 denique,
1960 1399 2016 1462 si
2039 1399 2413 1464 necessitate
2436 1395 2790 1485 cogantur?

400 1523 553 1568 eum
600 1504 768 1588 quod
814 1511 912 1570 est
958 1503 1170 1570 multo
1216 1503 1600 1588 proclivius,
1650 1502 1832 1569 nulla
1856 1507 2229 1570 necessitato
2253 1510 2616 1589 premente,
2657 1523 2798 1570 rem

401 1607 728 1695 publicam
790 1631 1009 1696 regere
1067 1609 1417 1676 nesciant.’'
1510 1609 1683 1696 Ergo
1745 1618 1865 1672 tum
1914 1632 2042 1673 oum
2085 1610 2338 1674 maxime
2383 1609 2622 1696 cupient
2667 1629 2794 1674 non

400 1721 701 1800 poterunt
767 1718 1012 1801 patriae
1078 1735 1264 1800 opem
1336 1715 1533 1792 ferre,
1600 1718 1729 1780 iam
1799 1701 1880 1780 ab
1941 1717 2252 1800 improbis
2298 1718 2528 1781 victae.
2624 1715 2796 1780 Puto

400 1822 837 1887 scribendum:
904 1821 1005 1886 cui
1066 1821 1189 1903 ipsi
1208 1867 1225 1897 ,
1274 1819 1583 1886 laceratae
1632 1823 1723 1886 rei
1773 1819 2066 1904 publicae
2113 1821 2348 1885 frustra
2396 1841 2582 1905 opem
2631 1821 2794 1886 ferre

399 1928 525 2012 ipsi
570 1911 845 2005 vellent,'
895 1929 951 1993 si
996 1927 1077 1992 ab
1120 1927 1311 1992 initio
1359 1924 1578 2010 procul
1626 1931 1836 1993 essent
1883 1947 1920 1992 a
1967 1946 2036 1992 re
2081 1925 2356 2011 publica.

495 2139 580 2207 13
650 2141 935 2226 ¹‚Quibus
966 2143 1075 2232 ‘de
1135 2141 1358 2220 rebus,
1424 2143 1725 2229 quoniam
1771 2141 1956 2208 nobis
2005 2143 2312 2230 contigit,
2363 2146 2439 2207 ut
2483 2142 2680 2208 iidem
2727 2148 2794 2208 et

400 2249 469 2313 in
528 2249 807 2336 gerenda
852 2250 1195 2334 republica
1260 2248 1504 2334 aliquid
1565 2269 1849 2314 essemus
1897 2250 2208 2314 memoria
2255 2248 2531 2336 dignum
2578 2268 2792 2314 conse·

402 2355 534 2419 euti
556 2401 573 2430 ,
635 2362 700 2420 et
764 2357 831 2418 in
878 2353 1269 2439 explicandis
1313 2355 1669 2420 rationibus
1715 2374 1930 2420 rerum
1979 2353 2275 2419 civilium
2325 2354 2645 2439 quandam
2691 2353 2794 2418 fa-

406 2459 713 2526 cultatem
786 2478 911 2524 non
982 2459 1171 2524 modo
1239 2478 1363 2523 usu
1425 2458 1534 2524 sed
1584 2461 1782 2523 etiam
1832 2459 2045 2524 studio
2092 2459 2373 2525 discendi
2421 2465 2487 2524 et
2532 2457 2798 2523 docendi

343 2555 351 2563 ⁸
404 2588 653 2631 essemus
713 2572 983 2630 auctores
1002 2612 1017 2641 ,
1082 2586 1231 2631 cum
1278 2567 1629 2648 superiores
1674 2562 1790 2630 alii
1836 2565 2103 2631 fuissent
2149 2568 2216 2630 in
2260 2565 2797 2649 disputationibus

406 2671 707 2757 perpoliti
724 2720 741 2755 ,
790 2690 1061 2756 quorum
1110 2692 1209 2735 res
1256 2676 1475 2757 gestae
1520 2668 1738 2736 nullae
1775 2672 2212 2736 invenirentur
2233 2719 2251 2755 ,
2292 2671 2404 2736 alii
2426 2672 2496 2735 in
2517 2670 2798 2757 gerendo

411 2777 795 2863 probabiles,
835 2778 919 2841 ·in
963 2778 1323 2842 disserendo
1370 2775 1615 2841 rudes''.

487 2883 758 2968 Aliquid
805 2883 1113 2949 excidisse
1160 2891 1305 2949 ante
1352 2890 1618 2948 auctores
1663 2882 1963 2948 viderunt
2009 2882 2282 2950 editores
2299 2930 2316 2963 ‚
2355 2898 2547 2969 puto:
2592 2904 2794 2961 „esse-

398 3006 531 3058 nus
592 2988 827 3073 adepti,
891 2990 1041 3053 aliie
1086 3000 1145 3054 et
1186 2996 1343 3056 reate
1387 2990 1683 3053 sentiendi
1731 2996 1787 3052 et
1833 2989 1974 3053 bene
2019 2991 2239 3071 aqeudi
2284 3013 2406 3055 eece
2441 3001 2790 3072 poteramus

399 3096 749 3161 auctores”.
845 3095 1093 3181 Nempe
1154 3095 1396 3179 aliquid
1460 3096 1734 3173 excidit,
1782 3098 1850 3159 in
1897 3116 2022 3179 quo
2069 3103 2136 3160 et
2173 3097 2258 3161 'de
2307 3097 2554 3183 agendo
2601 3101 2667 3161 et
2716 3096 2795 3163 de

400 3200 773 3287 explicando
844 3200 1177 3283 (docendo)
1238 3220 1446 3266 sermo
1516 3210 1690 3281 erat3
1755 3222 1940 3286 porro
1996 3204 2276 3286 separari
2335 3223 2463 3268 non
2523 3190 2791 3286 possunt

401 3309 597 3371 studio
658 3308 927 3370 discendi
986 3306 1067 3369 ab
1123 3314 1179 3369 et
1223 3306 1503 3384 docendi,
1553 3327 1668 3372 neo
1716 3307 2047 3371 disserendi
2091 3308 2324 3392 scribi,
2372 3329 2520 3373 cum
2569 3309 2798 3373 discere

400 3418 466 3478 et
526 3413 732 3477 docere
778 3417 1083 3495 tanquam
1128 3414 1421 3495 opposita
1464 3413 1682 3477 iuncta
1731 3415 1896 3489 sint;
1943 3435 2059 3479 nec
2107 3422 2250 3498 post
2299 3415 2590 3479 consecuti
2636 3434 2796 3497 quae

401 3526 753 3603 sequuntur
811 3521 947 3583 eius
1005 3517 1185 3584 verbi
1231 3517 1552 3583 obiectum
1601 3516 1845 3582 efficere
1892 3526 2155 3602 possunt
2172 3538 2190 3595 ;
2223 3520 2514 3606 -denique
2562 3522 2792 3604 apode-

400 3628 487 3689 eis
546 3626 927 3708 requiritur,
983 3616 1107 3689 'nec
1167 3619 1386 3687 Cicero
1449 3625 1659 3687 nescio
1721 3643 1848 3706 qua
1891 3624 2204 3688 modestia
2249 3626 2578 3690 reticuisse
2625 3626 2794 3709 quod

401 3732 467 3794 in
529 3732 743 3795 animo
791 3729 1065 3795 habebat
1109 3730 1346 3793 censeri
1394 3728 1601 3793 debet.
1698 3725 1936 3794 Contra
1983 3728 2138 3794 haec
2186 3737 2434 3816 pugnat
2479 3732 2794 3815 quidquid
2834 3777 2840 3782 .

403 3836 483 3899 ad
528 3836 593 3899 h.
640 3835 685 3901 l.
734 3838 800 3899 in
850 3832 1187 3900 Orellianis
1232 3841 1297 3899 et
1344 3832 1580 3899 Osanni
1628 3833 1909 3898 editione
1954 3832 2276 3917 prolatum
2320 3836 2480 3902 vidi.
2561 3836 2798 3903 Nostra
2867 3863 2881 3873 ·

402 3944 567 4005 ratio
627 3944 887 4027 propius
950 3940 1191 4006 accedit
1235 3940 1315 4005 ad
1354 3939 1713 4005 Sebastiani
1759 3942 2189 4007 coniecturam
2207 3988 2223 4019 ‚
2276 3942 2388 4007 sed
2435 3962 2598 4026 quae
2645 3963 2795 4027 sup-

403 4045 607 4131 plevit
670 4066 797 4111 non
856 4046 1254 4111 satisfaciunt
1318 4044 1671 4129 („essemus
1731 4046 1998 4109 adsecuti
2016 4095 2033 4121 ,
2101 4054 2256 4111 reete
2319 4049 2674 4131 disputandi
2739 4056 2798 4114 et

396 4152 811 4238 praecipiendi
866 4156 999 4215 iure
1041 4159 1241 4216 nocbro
1286 4152 1537 4237 quodam
1581 4152 1748 4217 modo
1793 4152 2062 4217 videmur
2109 4174 2231 4219 ecre
2277 4154 2654 4239 auctores'').

500 4367 606 4433 14.
656 4369 869 4447 „Nam
931 4390 1080 4435 cum
1140 4369 1221 4436 P.
1280 4370 1616 4437 Africanus
1684 4368 1831 4437 hic''
1896 4372 2017 4457 (sic
2081 4370 2506 4461 distinguitur
2550 4376 2796 4453 minor,

408 4482 487 4551 ut
554 4482 761 4543 aetate
828 4476 1107 4580 propior)
1205 4475 1439 4556 „Pauli
1508 4475 1718 4555 filius,
1793 4478 1969 4546 feriis
2039 4478 2286 4547 Latinis
2351 4478 2667 4549 Tuditano
2735 4484 2801 4553 et
