3414 5158
1350 331 1749 382 monemus.
2660 317 2751 386 85

425 494 557 562 IV.
610 494 729 561 12:
794 499 903 571 την
968 497 1335 578 Χερσόνησον
1396 496 1767 576 κτίσαντες,
1832 499 1892 562 ἐν
1948 506 2026 579 τῇ
2094 502 2198 563 νῦν
2266 501 2513 573 Σινώπη
2563 499 2739 575 πόλις

303 600 587 675 Ἐλλοὶς
637 601 948 670 οἵκΙΟται.

439 708 586 774 Non
647 711 886 774 condita
949 717 1070 788 eet,
1135 710 1245 776 sed
1305 715 1425 776 oica
1485 717 1593 775 eet.
1686 709 1910 797 Itaque
1977 731 2057 777 ex
2103 708 2337 778 Codice
2381 711 2443 777 R
2482 711 2745 778 οῚκΗται

317 815 806 902 recipiendum.
879 816 961 882 of.
1022 815 1052 882 I
1117 815 1282 883 193:
1349 817 1409 891 ἐς
1479 816 1582 882 τὸν
1644 817 1918 898 Τίγρην,
1986 817 2140 898 παρ’
2208 814 2272 883 ὃν
2334 817 2517 889 Νίνος
2565 816 2742 892 πόλις

327 945 579 998 οικητο.

433 1137 554 1217 IV,
605 1137 725 1204 14:
775 1133 901 1202 ὅθεν
947 1137 1062 1216 μὲν
1108 1134 1176 1213 ἦν
1226 1135 1504 1218 ’Λριςέησ
1551 1137 1580 1201 ὃ
1629 1141 1841 1202 ταῦτα
1889 1135 2075 1210 εἴπας
2123 1135 2353 1218 εἴρηκα.

434 1243 560 1311 Pro
621 1242 803 1318 εἴπας
853 1247 922 1310 in
969 1243 1084 1309 AB
1128 1242 1372 1331 legitur
1415 1244 1677 1318 ποιήσας
1705 1293 1722 1320 ,
1771 1265 1933 1330 quae
1982 1245 2119 1310 sine
2170 1247 2597 1310 controversia
2643 1250 2740 1312 est

331 1370 495 1416 vera
555 1348 763 1416 lectio.
838 1350 1068 1415 Ποιέειν
1113 1351 1366 1435 saepius
1411 1350 1582 1436 apud
1629 1350 2033 1417 Herodotum
2081 1355 2177 1415 est
2225 1349 2291 1414 in
2337 1350 2599 1415 carmine
2644 1351 2738 1415 di-

331 1477 492 1523 cere.
559 1453 734 1521 Hinc
795 1458 1092 1542 arguitur
1159 1456 1393 1522 vitium
1452 1453 1562 1520 111„
1634 1453 1757 1520 38:
1820 1456 1992 1537 ὀρθῶς
2058 1478 2159 1533 μοι
2210 1454 2398 1522 δοκέει
2444 1456 2737 1539 Πίνδαρος

336 1568 530 1635 von?
550 1586 587 1626 σ
607 1585 687 1626 αι
735 1559 912 1638 νόμον
963 1559 1209 1628 πάντων
1259 1560 1544 1640 βασιλέα
1591 1563 1869 1646 [Φῆσας]
1917 1557 2092 1627 εἶναι.

337 1664 626 1755 Vulgata
685 1664 1006 1753 significat
1066 1674 1221 1732 recte
1279 1667 1428 1744 fecit
1489 1669 1650 1754 quod
1693 1668 1853 1732 dia-it
1868 1715 1887 1750 ,
1935 1665 2102 1752 quod
2150 1671 2246 1732 eet
2293 1668 2371 1733 ab
2419 1666 2545 1734 loci
2592 1690 2736 1735 sen-

343 1773 547 1838 tentia
602 1770 907 1838 alienum.
1003 1769 1097 1837 At
1142 1777 1215 1838 tu
1262 1794 1556 1862 expungo
1603 1773 1822 1853 Φήσας
1844 1821 1859 1852 ,
1908 1771 2076 1858 quod
2120 1773 2189 1837 in
2235 1775 2528 1861 margine
2573 1774 2733 1842 olim

343 1877 734 1964 adscriptum
781 1883 876 1944 est
924 1878 1004 1945 ad
1051 1878 1333 1954 ποιήσας.
2570 1897 2587 1908 ·

427 2089 541 2156 Π.
612 2090 733 2157 15:
797 2090 904 2156 καὶ
965 2092 1068 2158 τὸν
1131 2089 1385 2158 εἰπόντα
1437 2098 1654 2160 ταῦτα
1700 2093 2141 2176 ἀφανισθῆναι.
2197 2091 2402 2175 σφέας
2452 2091 2515 2158 δὲ
2568 2095 2731 2181 [Με-

333 2203 686 2263 ταποντῖνοι
732 2197 1014 2283 λέγουσι]
1062 2202 1124 2272 ές
1167 2198 1464 2281 Δελφοὺς
1506 2199 1893 2281 πέμψαντας
1933 2201 2036 2267 τὸν
2072 2203 2199 2270 θεὸν
2238 2203 2571 2282 ἐπειρωτᾶν
2594 2202 2724 2268 κτὲ.

425 2302 807 2370 Rectissime
867 2303 926 2370 R
985 2305 1092 2370 καὶ
1151 2306 1254 2371 τὸν
1300 2315 1486 2373 ΜΕΝ
1540 2306 1845 2385 εἴπαντα,
1895 2330 2020 2395 quo
2066 2316 2319 2396 recepto
2367 2307 2506 2396 ipsa
2553 2327 2726 2374 com·

333 2412 568 2496 positio
629 2411 1005 2477 verborum:
1070 2412 1172 2477 τὸν
1227 2411 1343 2491 μέν
1365 2463 1380 2490 ,
1446 2413 1654 2494 σφέας
1721 2425 1835 2482 ΔΕ
1881 2419 2099 2505 arguit
2143 2420 2439 2502 ineptum
2487 2413 2729 2480 addita·

333 2523 631 2584 mentum
691 2525 1147 2585 Μεταποντῖνοι
1212 2519 1486 2598 λέγουσι.
1577 2520 1867 2587 Pendent
1922 2524 2141 2589 omnia
2188 2543 2227 2589 a
2272 2522 2515 2601 verbis,
2566 2540 2727 2607 quae

333 2624 746 2710 praecedunt:
797 2630 1257 2691 Μεταποντῖνοί
1303 2636 1494 2709 φασι.

422 2837 530 2903 IV.
586 2837 704 2903 16:
754 2835 1030 2918 ὥρμηται
1080 2838 1403 2918 λέγεσθαι.

422 2945 536 3011 ΑΒ
595 2944 895 3025 ὅρμηται,
961 2945 1030 3012 id
1088 2950 1184 3012 est
1230 2943 1514 3026 ὅρμηται.
1563 2948 1775 3025 recte,
1825 2966 2102 3032 namque
2149 2966 2223 3012 ea
2268 2945 2474 3011 forma
2520 2942 2722 3011 Hero-

332 3051 517 3118 dotus
563 3056 922 3119 constanter
964 3052 1174 3119 utitur
1188 3099 1206 3131 ,
1251 3058 1325 3118 ut
1364 3050 1568 3119 fidelis
1605 3052 1997 3139 optimorum
2035 3050 2349 3118 librorum
2392 3051 2683 3117 concordi

293 3157 755 3332 κἀεκίξειᾚίοιᾞει
821 3264 1119 3344 λέγεσθαι
1168 3264 1509 3331 delendum
1559 3284 1798 3331 censeo.
1847 3229 1930 3331 cf.
1977 3262 2128 3331 VII.
2184 3262 2347 3331 1893
2392 3268 2470 3341 ὦς
2519 3261 2663 3347 <pair

328 3368 611 3452 ὅρμηται.
674 3370 786 3437 ΙΙΙ.
855 3370 976 3437 563
1041 3374 1119 3443 ὥς
1183 3372 1210 3435 ὅ
1261 3370 1671 3452 ματαιότερος
1719 3370 1904 3451 λόγος
1955 3367 2219 3452 ὅρμηται
2270 3370 2560 3459 [λέγεται
2611 3392 2720 3457 op-

327 3479 486 3545 time
549 3477 788 3546 delevit
850 3476 1081 3563 stein}
1145 3476 1258 3543 VI.
1309 3475 1428 3545 863
1490 3482 1598 3544 τοῦ
1648 3477 1713 3543 δὲ
1760 3474 1965 3544 εἵνεκα
2011 3479 2040 3543 ὃ
2092 3476 2279 3557 λόγος
2326 3473 2429 3543 ὅδε
2474 3478 2729 3559 ὦρμῆθη

325 3584 664 3665 λέγεσθαι,
712 3606 942 3671 repone
991 3584 1216 3667 ὁρμήθη
1269 3591 1334 3649 et
1379 3582 1677 3663 λέγεσθαι
1729 3586 1963 3651 exime.

412 3796 519 3864 IV.
571 3795 698 3867 16:
742 3797 873 3864 οὐδὲ
922 3798 1048 3879 γὰρ
1094 3797 1230 3864 οὐδὲ
1276 3798 1554 3877 Ἀριςέης
1606 3832 1688 3845 -
1720 3794 1851 3860 οὐδὲ
1899 3791 2072 3869 οὗτος
2122 3795 2469 3877 προσωτέρω
2517 3799 2717 3872 Ἰσση-

326 3904 501 3970 δόνων
549 3906 610 3969 ἐν
655 3906 896 3970 αὐτοῖσι
943 3912 1099 3969 τοῖσι
1147 3904 1322 3969 ἔπεσι
1374 3903 1509 3969 κτὲ.

410 4012 694 4100 Egregia
755 4016 852 4077 est
911 4010 1102 4077 lectio
1169 4018 1404 4075 ΟΤΔΘ
1452 4008 1578 4089 γὰρ
1627 4008 1761 4075 οὐδὲ
1815 4006 2133 4089 ’Λριςέης,
2186 4029 2380 4095 quam
2427 4006 2717 4074 Romano

324 4115 539 4185 Oodioi
587 4118 910 4184 debemus.
961 4116 1263 4183 Mendose
1309 4115 1424 4182 AB
1463 4115 1693 4188 οὐδενὸς
1736 4114 1885 4197 γάρ.
1935 4115 2181 4182 Deinde
2222 4115 2377 4202 quid
2418 4115 2546 4179 sibi
2569 4112 2715 4179 vult

321 4226 559 4290 αὐτοῖσι
599 4223 893 4289 additum
946 4223 1014 4310 in
1059 4225 1216 4308 ipsis
1263 4223 1546 4301 versibus,
1609 4227 1676 4287 in
1721 4224 1861 4308 ipso
1901 4219 2204 4289 carmi-ne?
2250 4220 2706 4290 Scribendum:

320 4332 378 4395 ἐν
421 4338 581 4396 τοῖσι
631 4328 804 4396 ἔπεσι
854 4330 1088 4395 ποιέων.
