3414 5158
623 370 711 437 50
1703 392 1934 442 Puro,

621 554 928 637 Μέρους
987 555 1040 620 δ’
1100 553 1180 623 αὖ
1242 554 1458 622 τούτου
1503 560 1610 623 τοῦ
1658 559 1861 637 τρίτου
1912 558 2061 641 διχῇ
2109 557 2441 635 τμηθέντος
2490 555 2661 623 πέντ’
2709 555 2840 633 εἵδη
2888 558 3001 636 γέ-

617 685 812 741 γονεν.
859 662 1030 729 Vide
1075 684 1266 751 supra
1312 662 1466 730 863.
1514 661 1586 731 O.

707 768 872 835 Ibid.
920 766 995 835 G.
1042 768 1222 835 Libri
1268 768 1488 848 βιαίων
1538 770 1641 835 καὶ
1690 770 2163 853 ξυμφώνων.
2215 769 2446 838 Veram
2486 770 2824 838 lectionem
2863 792 3001 857 rep-

613 876 782 961 perit
826 873 1054 941 Aetius
1100 876 1395 957 ἐμφανῶν
1413 926 1432 951 ,
1480 879 1584 944 cui
1631 878 1797 943 infra
1842 880 2183 964 opponitur
2229 878 2398 954 μετὰ
2423 877 2694 951 σκότους.
2743 877 3001 943 Palaeo-

613 982 918 1069 graphiae
979 984 1203 1069 peritis
1249 982 1559 1049 facillima
1603 985 1931 1050 videbitur
1973 986 2129 1051 haec
2174 988 2499 1051 correctio.
2594 984 2762 1065 Quid
2808 983 2995 1049 'I'uri-

613 1084 869 1154 cenees?
917 1086 1347 1170 ,,αξ·υμφώνων
1385 1109 1529 1155 nos:
1582 1088 1761 1156 Gonf.
1805 1088 1960 1156 863.
1987 1087 2097 1156 G.”
2144 1088 2273 1156 Vix
2312 1096 2409 1156 est
2432 1110 2653 1175 operae
2679 1092 2989 1177 pretium;

609 1214 760 1260 nam
808 1193 974 1259 nihil
1018 1194 1112 1260 ibi
1158 1199 1428 1281 reperies
1477 1196 1691 1263 simile
1710 1247 1728 1282 ,
1776 1204 2218 1283 praeterquam
2265 1197 2435 1282 quod
2483 1197 2647 1263 dixit
2693 1195 2994 1275 μεγάλων

612 1298 717 1366 καὶ
765 1300 1137 1379 ἀμούσων
1183 1302 1677 1383 ὥμαρτημοὶτων.

699 1404 852 1473 865.
916 1406 1074 1473 Delo
1137 1406 1411 1473 alterum
1474 1410 1682 1491 Φόνου.
1748 1408 1907 1475 Ibid.
1962 1407 2034 1475 G.
2085 1409 2192 1474 ἐὰν
2239 1410 2353 1486 μὲν
2398 1408 2609 1474 δοῦλον
2657 1409 2860 1489 κτείνῃ
2905 1432 2991 1473 νο-

608 1510 797 1591 μίζων
861 1514 964 1579 τὸν
1005 1498 1246 1579 ’ἑαυτοῦ
1306 1512 1720 1593 διειργάσθαι,
1784 1514 1890 1579 τὸν
1950 1520 2055 1580 τοῦ
2128 1514 2616 1589 τελευτήσαντος
2688 1514 2988 1590 δεσπότην

608 1618 884 1698 ἀβλαβῆ·
934 1620 1260 1701 παρεχέτω
1310 1621 1414 1686 καὶ
1465 1619 1743 1700 ἀζήμιον.
1836 1620 2137 1688 Notabile
2184 1632 2281 1687 est
2325 1622 2447 1688 hoc
2495 1622 2979 1696 documentum,

605 1748 796 1812 quam
859 1727 1024 1793 levis
1086 1748 1258 1794 error
1302 1728 1371 1792 in
1417 1726 1823 1794 densissimae
1870 1730 2161 1794 tenebras
2208 1727 2501 1793 homines
2546 1730 2744 1813 poscit
2790 1726 2990 1791 dedu-

603 1854 760 1900 cere.
854 1834 1032 1900 Haec
1096 1832 1296 1921 vulgo
1360 1836 1454 1899 ita
1517 1836 2048 1919 interpretantur:
2099 1840 2155 1897 ει·
2198 1835 2332 1919 quis
2378 1856 2607 1899 servum
2655 1834 2885 1898 occidat
2928 1854 2991 1896 se

599 1964 768 2005 mm
829 1940 1163 2023 interficere
1211 1948 1443 2025 putans
1505 1945 1569 2006 et
1630 1962 1792 2026 quae
1840 1945 2209 2025 sequuntur.
2306 1939 2475 2020 Quid
2524 1938 2691 2025 quod
2738 1938 2989 2019 νομίζων

601 2066 714 2133 pro
778 2046 1039 2122 οἲόμενος
1099 2048 1394 2133 usurpari
1457 2067 1582 2112 non
1629 2046 1831 2125 solet,
1882 2046 1983 2113 vel
2032 2045 2199 2133 quod
2248 2044 2599 2113 interficere
2644 2067 2769 2111 non
2816 2046 2989 2111 idem

602 2155 701 2218 est
763 2153 931 2238 quod
989 2152 1408 2231 interfecisse,
1481 2152 1587 2219 vel
1647 2153 1919 2239 denique
1981 2153 2149 2239 quod
2211 2154 2316 2218 hic
2362 2152 2438 2219 de
2489 2154 2677 2220 caede
2708 2154 2990 2237 fortuita

603 2278 810 2324 sermo
871 2255 1008 2323 eat?
1071 2258 1257 2325 Nihil
1319 2264 1575 2344 curant,
1624 2258 1975 2327 dummodo
2027 2260 2301 2326 habeant
2346 2258 2514 2344 quod
2563 2260 2706 2326 aliis
2752 2263 2987 2346 praeci·

603 2365 803 2451 piant.
898 2366 1286 2454 Interpunge
1331 2371 1474 2452 post
1522 2368 1727 2446 κτείνῃ
1749 2413 1765 2443 ,
1816 2372 1880 2432 et
1928 2365 2081 2431 tolle
2127 2387 2381 2432 comma
2427 2367 2593 2451 quod
2638 2372 2778 2451 post
2817 2368 2987 2447 διειρ-

600 2470 837 2549 γάσθαι
883 2473 1164 2557 positum
1185 2518 1201 2549 ,
1253 2472 1574 2557 extemplo
1620 2474 1834 2537 omnia
1878 2470 2031 2539 fient
2069 2471 2462 2557 planissima.
2554 2470 2667 2549 „Si
2705 2470 2983 2537 alienum

600 2593 858 2644 servum
933 2579 1232 2645 occiderit
1286 2581 1388 2646 vir
1434 2579 1635 2645 bonus
1653 2629 1669 2654 ‚
1718 2577 1891 2644 haud
1938 2581 2153 2644 minue
2201 2579 2278 2645 ad
2326 2601 2393 2644 se
2440 2578 2747 2645 damnum
2792 2579 2985 2664 perti-

599 2706 746 2752 nere
794 2686 1084 2771 putabit,
1131 2705 1324 2771 quam
1364 2689 1419 2750 si
1457 2707 1649 2751 suum
1689 2686 2107 2762 interfecerit,
2151 2706 2348 2771 eoque
2387 2687 2825 2751 incunctanter
2847 2707 2985 2770 pre·

598 2794 767 2857 tium
825 2795 1064 2857 mortui
1125 2791 1381 2857 domino
1433 2789 1819 2875 persolvet.”
1913 2788 2080 2869 Quid
2143 2791 2519 2876 prudentius
2563 2795 2677 2855 aut
2722 2793 2984 2876 aequius

600 2898 729 2964 dici
772 2894 1016 2984 possit?

690 3002 845 3069 866.
893 3006 970 3070 Α.
1019 3003 1079 3070 d.
1128 3027 1197 3067 τε
1252 3008 1395 3087 post
1445 3002 1840 3080 συγγνώμην.
1890 3001 2056 3067 Ibid.
2108 3000 2179 3068 B.
2231 3001 2340 3067 ἐὰν
2383 3002 2845 3083 δ’ὃπροσήκων.
2872 3053 2886 3069 .
2918 3051 2933 3068 .
2960 3052 2974 3068 .

598 3113 708 3186 τὴν
757 3110 978 3183 πάθην.
1041 3109 1248 3174 Locus
1293 3108 1626 3174 manifeste
1671 3107 2031 3174 lacunosae.
2078 3105 2392 3174 Goniicio:
2449 3109 2557 3173 ἐὰν
2605 3109 2665 3173 δὲ
2718 3110 2745 3174 ὃ
2795 3133 2979 3189 προσ-

599 3217 754 3292 ήκων
817 3213 1159 3293 ἐγγύτατα
1218 3216 1304 3292 μὴ
1369 3211 1615 3297 ἐπεξίῃ,
1677 3213 2163 3300 (προστιθέμενον
2225 3215 2289 3279 δὲ
2336 3215 2594 3300 περιίδῃ)
2642 3216 2727 3297 τῷ
2774 3215 2974 3289 παθή-

597 3344 754 3399 ματι
825 3320 894 3385 τὸ
967 3320 1260 3399 μίασμα,
1328 3321 1404 3392 ὡς
1477 3321 1560 3393 είς
1635 3319 1824 3384 αὑτὸν
1884 3319 2299 3397 περιεληλυθό
2312 3344 2444 3393 τος
2507 3325 2613 3386 τοῦ
2678 3322 2975 3395 παθόντος

597 3425 1115 3506 προστρεπομένου
1176 3426 1288 3499 τὴν
1352 3423 1550 3500 πάθην
1609 3425 1637 3490 ὃ
1685 3425 2055 3502 βουλόμενος
2103 3425 2440 3503 ἐπεξελθών
2490 3450 2548 3492 κ.
2579 3453 2637 3492 τ.
2667 3428 2715 3491 ἒ.
2809 3426 2978 3508 Quid

595 3539 692 3599 est
744 3530 1037 3619 planius?
1107 3531 1504 3618 Quicumque
1549 3532 1788 3597 viderit
1834 3538 2163 3597 mortuum
2208 3555 2248 3598 a
2294 3535 2641 3619 propinquo
2687 3532 2938 3622 negligi
2956 3582 2975 3618 ,

595 3640 675 3706 ad
731 3660 797 3705 ee
845 3639 1014 3704 hunc
1057 3641 1304 3705 venisse
1349 3643 1575 3723 putet,
1623 3642 2041 3723 paratumque
2087 3659 2221 3704 esee
2267 3641 2335 3703 in
2382 3660 2449 3704 se
2494 3639 2660 3705 diras
2711 3657 2973 3706 conver-

593 3750 763 3824 tere;
811 3763 964 3833 ergo
1008 3746 1146 3811 eiua
1191 3765 1444 3811 causam
1495 3746 1784 3830 suscipit.

684 3848 840 3918 86⁰7.
888 3849 974 3917 A..
1040 3849 1214 3939 Lege
1276 3851 1521 3929 μεταξὺ
1583 3850 1646 3916 δὲ
1693 3853 1801 3916 τοῦ
1849 3873 1917 3915 τε
1970 3849 2236 3915 ἑκουσίου
2287 3851 2391 3916 καὶ
2443 3853 2605 3939 (τοῦ)
2652 3855 2971 3932 ἀκουσίου,

594 3963 660 4023 ot
702 3977 856 4023 mox
900 3977 1014 4043 pro
1058 3958 1486 4034 ἀταμιεύτως
1528 3965 1668 4030 ταῖς
1695 3959 1911 4036 ὀργαῖς
1936 3958 2246 4036 χρώμενος
2292 3959 2802 4040 ἀπροβουλεύτως
2828 3960 2973 4047 lege

593 4063 1040 4142 ἀταμιεύτοις
1088 4068 1155 4128 et
1201 4062 1339 4128 dele
1386 4061 1923 4141 ἀπροβουλεύτως.

679 4168 846 4236 Ibid.
898 4169 973 4237 E.
1033 4168 1244 4235 Nemo
1304 4168 1460 4234 haec
1521 4167 1882 4254 intellig-at,
1934 4189 2096 4254 quae
2142 4171 2221 4237 de
2270 4171 2479 4236 reditu
2526 4192 2746 4237 eorum
2793 4192 2971 4257 prae-

589 4276 855 4359 ceperit,
932 4276 1044 4360 qui
1113 4275 1192 4339 ob
1269 4275 1474 4340 civem
1549 4293 1662 4359 per
1729 4277 1894 4338 iram
1958 4278 2240 4341 occisum
2306 4276 2583 4342 exulant.
2678 4273 2802 4340 Sed
2855 4295 2969 4362 pro

591 4378 837 4444 ἐπειδὰν
884 4378 939 4443 δ’
990 4379 1017 4443 ὃ
1066 4379 1271 4461 χρόνος
1324 4378 1510 4458 ἔλθη
1557 4385 1668 4452 τῆς
1706 4383 1921 4459 Φυγῆς
1964 4379 2111 4469 lege
2144 4379 2376 4462 ἐξέλθῃ.
2430 4380 2689 4447 Scilicet
2726 4380 2969 4448 iudices

588 4484 700 4576 qui
752 4505 866 4574 per
912 4505 1097 4551 omne
1141 4485 1324 4552 exilii
1368 4491 1623 4571 tempus
1667 4492 2123 4571 perspexerunt
2166 4487 2706 4574 quemadmodum
2752 4487 2854 4554 ilJi
2900 4509 2968 4554 se
