3414 5158
630 344 767 411 206
1678 358 2000 409 nemus.

639 527 753 593 ubi
836 525 1115 592 ostendit
1202 544 1397 609 quam
1482 543 1775 609 perverso
1843 522 2083 589 iudicio
2155 522 2363 588 multa
2437 521 2606 608 apud
2674 520 3039 590 Homerum

641 634 1089 722 grammaticis
1146 629 1593 697 Alexandrinis
1638 631 1781 697 visa
1823 632 1954 695 sint
2001 628 2296 695 indecora
2339 636 2404 695 et
2451 630 2719 707 ἀπρεπῆ.
2823 626 3041 692 Unum

524 780 529 785 ·
643 745 743 805 est
788 738 957 825 quod
1004 734 1285 803 Cebetas
1328 735 1495 801 1111111
1542 736 1814 801 minime
1859 737 2217 821 persuasit,
2267 755 2496 821 nempe
2543 734 2624 801 de
2669 757 2697 800 ο
2747 731 2916 799 373:

634 912 645 921 ,
922 850 1039 912 τῶν
1086 841 1334 923 ἔφαγόν
1382 844 1439 905 τ’
1492 839 1660 907 ἔπιόν
1709 862 1778 907 τε
1829 841 1934 905 καί
1983 840 2428 908 αἰδοίοισιν
2477 841 2698 907 ἔδωκα.

646 951 789 1031 „Ne
846 948 1325 1033 mulierculae’',
1386 949 1629 1033 inquit,
1694 947 2196 1025 „offenderentur
2239 950 2588 1015 commenti
2637 955 2787 1013 sunt
2823 964 3042 1033 gram·

644 1058 867 1123 matici
927 1054 1172 1139 aliquid
1192 1104 1211 1140 ,
1259 1053 1427 1139 quod
1478 1053 1744 1121 difficile
1791 1060 1891 1121 est
1935 1056 2070 1121 sine
2113 1057 2246 1121 risu
2293 1054 2536 1121 audire.
2625 1054 2876 1139 Nempe
2933 1052 3040 1115 αἰ·
3145 1111 3154 1117 ,

646 1162 881 1228 δοίοισιν
924 1162 1119 1227 ἔδωκα
1170 1182 1305 1227 esse
1353 1158 1589 1233 ἱκέταις
1638 1159 1745 1225 καὶ
1796 1161 2001 1233 αἰδοῦς
2046 1158 2235 1237 ἀξίοις
2283 1161 2502 1226 ἔδωκα.
2597 1159 2859 1227 Poterat
2904 1159 3040 1223 Eu-

646 1290 871 1337 maeus
918 1275 1194 1348 πτωχοῖς
1243 1290 1371 1333 ‘rcere
1420 1271 1525 1335 καί
1576 1268 1848 1342 &aaran
1895 1266 2144 1353 aliquid
2185 1266 2452 1352 dedisse,
2493 1273 2562 1333 et
2597 1266 2796 1331 ἱκέται
2831 1265 3039 1331 αἰδοῖοι

644 1377 885 1442 usitate
948 1374 1323 1441 dicebantur
1338 1421 1359 1453 ,
1418 1374 1529 1442 sed
1576 1392 1702 1439 non
1751 1372 1962 1439 αἰδοῖοι
2009 1394 2121 1458 per
2165 1394 2234 1439 se
2279 1374 2574 1457 suppum
2619 1371 3041 1461 significabat.

633 1481 771 1561 fied
816 1482 1015 1547 honos
1064 1486 1201 1547 erat
1246 1479 1572 1547 habendus
1612 1481 1875 1546 auribus
1913 1478 2406 1547 matronarum.”
2455 1477 2746 1547 Concedo
2783 1476 3040 1548 αἰδοίους
3087 1566 3092 1570 ¹

644 1610 759 1675 per
804 1609 873 1655 se
917 1608 1045 1654 non
1088 1588 1387 1672 supplices
1430 1584 1794 1675 significare
1811 1633 1830 1664 ,
1875 1606 1991 1653 nec
2035 1592 2360 1671 praeterea
2401 1586 2669 1671 supplex
2695 1582 3040 1651 subulcum

646 1696 823 1761 adire
890 1694 1052 1761 solet
1075 1744 1091 1772 ,
1164 1714 1281 1759 nec
1336 1700 1555 1759 tamen
1618 1694 1830 1780 magis
1899 1692 2176 1759 adducar
2237 1699 2312 1759 ut
2343 1693 2636 1776 pudenda
2675 1689 3042 1777 intelligam

644 1820 851 1886 neque
916 1798 1211 1865 Sallustii
1280 1802 1429 1865 noto
1497 1796 1637 1864 loco
1711 1798 2106 1866 abutendum
2173 1804 2270 1865 est
2337 1805 2412 1865 ut
2479 1798 2637 1865 haec
2704 1796 3043 1884 explicatio

648 1904 1075 1973 confirmetur.
1168 1904 1299 1969 Hic
1382 1924 1605 1989 operae
1686 1905 1970 1990 pretium
2053 1910 2154 1969 est
2220 1904 2545 1969 Naekium
2616 1906 2896 1971 conferre
2963 1902 3043 1967 de

654 2010 952 2079 Choerilo
1016 2031 1077 2095 p.
1145 2008 1276 2077 225
1340 2019 1406 2076 et
1464 2008 1619 2075 255.
1711 2009 2185 2095 Propemodum
2247 2010 2598 2076 absurdum
2659 2012 2720 2077 ei
2786 2009 3044 2077 videtur

652 2117 951 2204 pudenda
997 2114 1396 2203 intelligere:
1451 2115 1740 2201 „Nempe
1785 2117 1906 2181 etsi
1953 2115 2030 2181 de
2075 2114 2348 2181 Homeri
2393 2118 2740 2194 sententia,
2783 2120 2850 2181 et
2887 2112 3044 2200 quid

648 2223 744 2289 ibi
805 2222 1110 2288 αἰδοίοισιν
1170 2220 1589 2309 significaret,
1658 2223 1771 2311 vix
1828 2220 2062 2308 aliquis
2123 2220 2408 2288 Homero
2452 2222 2836 2303 familiarior
2878 2223 3041 2287 serio

658 2328 951 2394 dubitare
996 2329 1311 2413 potuerit:
1360 2326 1605 2393 multos
1650 2334 1869 2393 tamen
1915 2328 2112 2393 fuisse
2157 2327 2460 2395 credibile
2505 2336 2638 2409 est,
2677 2328 2789 2413 qui
2836 2328 3042 2392 ambi-

636 2454 853 2523 guam
916 2433 1191 2517 Homeri
1244 2434 1583 2501 dictionem
1635 2435 1705 2499 111
1753 2435 2122 2501 obscoenam
2169 2437 2549 2509 sententiam
2597 2435 3044 2519 detorquerent

651 2560 765 2626 per
826 2539 1109 2606 iocum.’'
1204 2538 1373 2620 Quid
1434 2542 1640 2628 igitur
1698 2536 2049 2606 faciemus?
2109 2560 2315 2626 neque
2377 2543 2549 2608 enim
2599 2540 2790 2620 haec,
2835 2560 3040 2626 neque

651 2647 769 2713 illa
830 2647 1170 2733 explicatio
1216 2649 1372 2712 satis
1418 2646 1767 2732 probabilis
1814 2647 2091 2712 videtur.
2180 2645 2406 2713 Restat
2449 2651 2576 2713 nisi
2621 2647 2808 2714 fallor
2854 2648 3043 2712 tertia

652 2754 789 2842 via.
846 2751 1003 2842 ⁴*Qui
1060 2756 1447 2840 seripserunt
1505 2753 1844 2832 αἰδοίοισιν,
1909 2772 2223 2818 memores
2283 2753 2478 2820 fuisse
2523 2753 2759 2820 dixeris
2807 2751 3041 2820 Sarda-

652 2858 867 2944 napali
886 2908 905 2944 ,
967 2862 1148 2925 cuius
1211 2867 1440 2925 notum
1504 2858 1906 2944 epitaphium
1959 2858 2066 2924 hic
2115 2859 2466 2926 describere
2509 2859 2674 2926 nihil
2720 2881 2879 2946 opus
2925 2867 3040 2925 est.

656 2964 859 3031 Multi
929 2971 1276 3050 utrumque
1344 2965 1559 3030 locum
1630 2967 1761 3030 iam
1823 2968 1990 3031 inter
2043 2985 2110 3030 se
2169 2965 2574 3032 contuleruut
2637 2974 2702 3034 et
2759 2966 3044 3032 Naekius

654 3074 904 3157 copiose
952 3079 1019 3138 et
1060 3091 1318 3138 summa
1363 3092 1511 3137 cum
1556 3071 1875 3138 industria
1909 3073 2132 3136 'omnia
2177 3071 2254 3137 de
2301 3073 2420 3139 hoc
2457 3080 2838 3161 argumento
2871 3091 3040 3138 com·

655 3180 955 3262 portavit.
1050 3177 1353 3262 Sequitur
1419 3177 1724 3242 αἰδοίοισιν
1787 3197 1910 3243 11011
1965 3197 2184 3244 veram
2233 3198 2366 3244 esse
2410 3178 2681 3245 Homeri
2735 3199 3040 3253 manum,

655 3285 761 3348 cui
803 3290 1127 3368 praeterea
1170 3286 1239 3348 in
1285 3282 1568 3370 Odyssea
1612 3284 1905 3368 pudenda
1947 3303 2075 3348 non
2120 3283 2323 3350 αἰδοῖα
2371 3288 2708 3364 dicuntur,
2759 3285 2872 3352 sed
2915 3287 3040 3362 μή·

654 3390 798 3474 δεα,
870 3389 947 3454 de
1019 3410 1144 3474 quo
1213 3388 1523 3456 vocabulo
1586 3387 1960 3456 Nauckium
2023 3391 2172 3458 vide
2233 3391 2513 3458 Bucktin
2575 3391 2774 3458 XXII
2819 3414 2878 3477 p.
2934 3388 3041 3456 11.

652 3494 1067 3582 Sardanapali
1104 3496 1307 3562 instar
1350 3495 1688 3562 videbatur
1733 3495 2056 3562 Eumaeus
2103 3499 2299 3564 etiam
2347 3497 2689 3584 aliquando
2728 3498 2868 3576 μετ’
2907 3497 3042 3574 ἔρω-

651 3625 754 3674 τος
801 3601 1052 3684 τερπνόν
1095 3625 1159 3672 ,τι
1200 3603 1416 3668 παθεῖν
1436 3649 1455 3678 ,
1504 3603 1760 3668 etiamsi
1807 3605 1873 3668 in
1922 3601 2208 3689 Odyssea
2250 3625 2456 3688 neque
2501 3625 2763 3672 uxorem
2811 3605 3041 3672 habeat

651 3729 855 3796 neque
904 3710 1345 3774 concubinam.
1412 3707 1569 3788 Quis
1614 3715 1832 3774 tamen
1879 3709 2221 3781 crediderit
2263 3709 2625 3777 Eumaeum
2673 3713 2741 3776 in
2787 3733 2867 3778 ea
2909 3731 3042 3776 mo·

638 3795 800 3880 'rum
852 3815 1268 3901 simplicitate
1316 3813 1691 3880 dedecorum
1740 3817 2092 3899 pretiosum
2139 3815 2334 3881 fuisse
2377 3825 2721 3896 emtorem;
2761 3817 3038 3900 amabat,

655 3925 912 4007 opinor,
960 3921 1312 4006 parabilem
1362 3919 1668 3986 Venerem
1711 3928 1774 3986 et
1812 3923 2083 4008 inguina
2119 3922 2176 3986 si
2212 3921 2374 3988 forte
2415 3931 2768 4006 tumerent,
2794 3929 3039 4008 praesto

652 4035 789 4094 erat
858 4027 1129 4105 ancilla,
1201 4029 1271 4092 in
1331 4047 1523 4110 quam
1581 4029 1866 4111 impetus
1927 4025 2123 4093 fieret.
2223 4027 2391 4108 Quid
2452 4031 2659 4115 igitur
2721 4027 3039 4094 Homerus

652 4133 940 4219 scripsit,
988 4155 1139 4198 cum
1182 4133 1487 4197 αἰδοίοισιν
1525 4133 1798 4198 scribere
1835 4152 1960 4198 non
1999 4131 2321 4218 potuerit?
2369 4133 2697 4200 Mendicos
2719 4135 3040 4203 Eumaeus

655 4227 943 4326 hospitio'
994 4223 1285 4326 excipere
1338 4237 1610 4324 solebat,
1658 4238 1850 4304 sicuti
1897 4237 2195 4326 Ulyssem
2241 4243 2508 4326 excepit.
2604 4241 2766 4310 Hoc.
2792 4243 3039 4309 obtine-

654 4347 871 4414 bimus
914 4348 1035 4412 sic:

928 4457 1045 4518 τῶν
1091 4450 1337 4538 ἔφαγόν
1384 4453 1443 4516 τ’
1492 4451 1658 4518 ἔπιόν
1705 4475 1777 4518 τε
1825 4453 1926 4518 καὶ
1978 4453 2443 4537 αἰτίζουσιν
2491 4455 2708 4522 ἔδωκα.
