3414 5158
1445 389 1684 439 monac.
2659 369 2741 436 61

343 556 600 624 Verum
646 560 864 621 tamen
913 555 1134 620 ceteris
1181 573 1247 620 se
1293 553 1459 619 dixit
1507 555 1834 642 ignoscere
1858 601 1875 630 ‚
1925 553 2091 618 mihi
2138 565 2289 620 vero
2310 599 2327 628 ,
2368 552 2481 637 qui
2520 551 2748 618 villam

354 661 785 729 aedificassem
844 663 912 725 in
973 659 1086 726 illo
1148 659 1320 739 loce,
1387 659 1566 726 nullo
1631 660 1842 726 mode.
1940 659 2109 739 Quid
2160 660 2445 736 homini,
2494 658 2747 743 inquit,

357 770 652 854 Arpinati
698 788 847 831 cum
895 766 1068 831 Baiis
1088 762 1148 829 ‘P’
1202 765 1410 831 Locus
1457 768 1546 830 sic
1590 772 1799 831 exstat
1839 769 1903 830 in
1947 765 2194 831 codice:
2244 763 2415 830 vum-1
2456 766 2469 851 Ι
2510 783 2755 832 'mm-

360 891 622 939 cnrnms
644 873 684 913 4*
707 873 747 913 4*
769 853 809 912 4*
851 877 860 951 ι
902 887 1356 937 s1=1=1ssoscnnn
1378 871 1418 912 4*
1441 871 1481 912 4*
1504 889 1669 937 mo
1710 873 1722 958 Ι
1763 872 1803 912 4*
1826 872 1866 913 4*
1888 871 1928 912 4*
1951 871 1991 912 4*
2014 870 2054 911 4*
2078 871 2118 910 4*
2158 873 2171 956 Ι
2209 887 2752 937 mmnoconunno-

359 997 554 1044 nono.
647 979 975 1043 Numerus
1044 977 1486 1042 asteriscorum
1563 977 1731 1064 apud
1800 977 2167 1064 Peyronum
2234 998 2357 1043 non
2422 976 2755 1063 respondet

359 1103 624 1150 numero
662 1083 1020 1149 litterarum
1045 1131 1060 1160 ‚
1112 1089 1185 1146 ut
1227 1089 1412 1167 putat
1445 1082 1786 1160 Halmius;
1830 1083 1905 1148 cf.
1952 1104 2012 1168 p.
2041 1083 2317 1170 Peyroni
2345 1084 2451 1148 52.
2480 1085 2535 1168 b,
2563 1083 2671 1148 65.
2700 1085 2754 1161 b,

363 1189 516 1254 221.
568 1191 620 1254 b.
693 1188 951 1277 Singuli
999 1209 1218 1254 versus
1264 1189 1499 1254 habent
1545 1189 1794 1254 litteras
1847 1187 2134 1254 16-23.
2208 1189 2355 1254 Alia
2401 1191 2756 1256 tentamina

361 1300 589 1382 prioris
634 1295 898 1361 lacunae
945 1295 1288 1380 explendae
1334 1301 1520 1360 sunt:
1576 1299 1843 1372 „ceteris
1884 1298 2083 1381 possit
2123 1295 2499 1382 ignoscere”,
2536 1296 2605 1360 in
2630 1315 2755 1380 quo

368 1402 611 1468 dicendi
661 1403 930 1467 verbum
976 1401 1146 1466 male
1195 1401 1402 1466 abest:
1455 1421 1578 1466 non
1626 1401 2026 1488 significatur
2048 1452 2065 1480 ,
2118 1403 2301 1466 cuius
2346 1403 2473 1467 ista
2510 1407 2755 1468 senten·

369 1511 460 1575 tia
521 1511 637 1587 sit;
706 1510 972 1586 „ceteris
1031 1505 1218 1572 facile
1285 1506 1527 1592 possis”
1600 1506 1965 1572 dubitanter
2010 1507 2350 1584 Halmius3
2399 1511 2611 1596 magis
2656 1508 2757 1574 illi

369 1615 578 1699 placet
643 1614 870 1691 „facile
930 1632 994 1676 se
1055 1611 1216 1688 ait”,
1282 1618 1500 1676 contra
1560 1611 1899 1677 lectionem
1954 1612 2278 1677 traditam.
2377 1611 2489 1678 Su·
2534 1620 2759 1680 natum

369 1725 524 1804 puto
587 1739 665 1783 ex
731 1718 999 1803 (mx)sl¹r
1021 1763 1037 1794 ,
1108 1723 1219 1781 aut
1282 1715 1584 1802 (mo)sl·1',
1649 1717 1850 1782 simili
1912 1737 2119 1782 errore
2139 1767 2157 1801 ‚
2207 1739 2331 1802 quo
2376 1719 2645 1784 subinde
2690 1721 2759 1784 in

368 1827 588 1890 inscrr.
644 1846 824 1888 ωπον
841 1844 858 1902 ;
908 1824 1098 1891 dica-it
1140 1825 1209 1887 in
1258 1822 1663 1908 Pompeianis
1712 1831 1775 1888 et
1824 1826 2102 1908 antiquis
2148 1823 2367 1908 libris,
2418 1823 2597 1889 velut
2638 1823 2759 1890 Va-

370 1933 578 1995 ticano
619 1928 1128 2014 Philippicarum
1165 1933 1230 1992 et
1267 1928 1478 1994 codice
1517 1927 1931 2013 Reipublicae
1968 1929 2295 1995 invenitur
2320 1953 2336 2007 3
2361 1952 2761 2016 compeccare,

369 2035 674 2112 trae-serit,
723 2037 790 2099 in
838 2034 1014 2100 codd.
1061 2034 1305 2099 Lucani
1353 2034 1433 2099 cf.
1485 2032 1740 2100 Gortius
1789 2033 1867 2099 ad
1915 2033 2021 2098 VI.
2065 2034 2217 2102 575.
2268 2034 2495 2102 Altera
2532 2036 2761 2104 lacuna

371 2140 634 2207 Halmio
681 2143 774 2205 ita
819 2140 1076 2205 videtur
1123 2138 1439 2205 tollenda:
1495 2143 1592 2222 ²,ei
1639 2159 1825 2217 vero,
1877 2143 1987 2221 qui
2034 2142 2365 2225 praedium
2412 2141 2645 2208 habeat
2690 2145 2759 2208 in

366 2247 483 2313 illo
529 2246 730 2312 loco.”
795 2248 880 2310 At
928 2246 1258 2331 praedium
1306 2265 1433 2311 non
1479 2251 1576 2310 est
1622 2246 2124 2312 instrumentum
2172 2246 2465 2314 luxuriae
2512 2247 2620 2313 sed
2671 2247 2763 2312 di-

368 2355 676 2420 vitiarum
717 2351 1189 2417 documentum.
1243 2351 1480 2416 Melius
1527 2350 1929 2435 aliquatenus
1980 2350 2252 2430 „villam
2290 2352 2586 2418 habeat.”
2634 2351 2759 2418 Sed

371 2479 448 2524 ex
493 2458 902 2542 sequentibus
947 2461 1207 2541 apparet
1226 2503 1242 2533 ,
1295 2454 1593 2522 Clodium
1644 2453 1937 2522 Ciceroni
1984 2457 2289 2522 obiecisse
2336 2457 2506 2542 quod
2553 2459 2763 2543 aedzfi-

371 2575 561 2630 caecet
618 2563 816 2629 Baiis.
876 2600 958 2612 —
1007 2562 1152 2627 Non
1206 2562 1296 2633 ei,
1345 2561 1455 2626 sed
1501 2561 1650 2625 mihi
1694 2562 1990 2647 suppleO,
2038 2569 2113 2626 ut
2158 2563 2495 2629 manifesto
2542 2561 2764 2630 Cicero

370 2670 770 2759 significetur
823 2675 888 2735 et
934 2669 1240 2734 transitus
1286 2668 1372 2732 sit
1418 2667 1497 2733 ad
1542 2669 1866 2752 Arpinatis
1909 2671 2299 2733 mentionem
2339 2671 2408 2732 in
2430 2671 2758 2753 proximis.

463 2777 640 2857 Quae
685 2798 747 2861 p.
799 2773 904 2839 65.
958 2780 1011 2840 b.
1063 2774 1255 2861 Peyr.
1306 2774 1424 2838 sub
1475 2771 1579 2837 fin.
1631 2772 1937 2860 leguntur
1982 2776 2232 2839 sanavit
2275 2772 2523 2851 Halm„
2560 2795 2597 2839 a
2637 2794 2761 2859 quo

369 2883 608 2949 nollem
668 2881 994 2967 Kayserus
1063 2883 1440 2946 recessisset.
1507 2877 1736 2945 Halm:
1796 2882 1891 2962 „is
1936 2880 2242 2966 (praestat
2288 2880 2399 2965 ibi)
2447 2901 2550 2946 me
2597 2881 2763 2946 dixit

372 2985 702 3055 aedificare
723 3034 740 3065 ,
805 2988 917 3051 ubi
962 2986 1130 3052 nihil
1178 2987 1378 3051 habeo
1399 3032 1416 3063 ,
1462 2985 1557 3050 ibi
1603 2984 1799 3050 fuisse
1850 3005 1970 3068 quo
2018 2990 2183 3049 adire
2227 2988 2470 3051 nemini
2517 3007 2640 3053 non
2688 2988 2763 3049 ln·-

372 3096 626 3161 dtumst.
690 3094 742 3157 Ο
779 3098 1171 3178 inpotentem
1220 3089 1711 3173 adversarium,”
1755 3088 1897 3155 rell.
1948 3090 2039 3155 De
2083 3091 2343 3176 reliquis
2388 3095 2593 3158 tutius
2639 3094 2763 3159 erit

371 3202 652 3267 iudicare
670 3250 688 3284 ‚
730 3204 785 3264 si
830 3202 1070 3265 iterum
1118 3197 1348 3264 folium
1394 3200 1757 3282 inspectum
1806 3197 1928 3274 sit;
1973 3217 2125 3262 nam
2173 3204 2322 3263 sunt
2366 3200 2434 3263 in
2480 3219 2553 3265 eo
2598 3219 2760 3286 quae

373 3328 412 3373 a
455 3327 632 3372 more
679 3304 871 3370 huius
917 3304 1165 3370 librarii
1211 3304 1508 3370 recedant
1552 3301 2016 3388 compluscula.

465 3642 928 3729 Palimpsestus
974 3639 1380 3709 Taurinensis
1427 3638 1806 3709 Pisonianae
1854 3662 2105 3729 quoque
2149 3648 2399 3729 partem
2445 3646 2729 3710 continet
2742 3693 2763 3730 ,

376 3754 584 3836 capita
642 3750 771 3816 fere
819 3749 1076 3815 decem:
1128 3747 1318 3826 VIII,
1373 3746 1454 3815 1‘7
1507 3796 1522 3813 .
1552 3796 1566 3812 .
1598 3796 1612 3813 .
1641 3795 1658 3813 .
1712 3755 1771 3811 ιο
1820 3748 1974 3812 enim
2020 3748 2187 3811 illud
2226 3750 2515 3813 consulem
2562 3770 2764 3836 usque

375 3857 455 3922 ad
501 3856 585 3939 X,
632 3854 719 3920 23
766 3856 1106 3920 consulatue
1155 3860 1262 3917 aut
1307 3860 1399 3937 te,
1449 3852 1630 3930 XIV,
1681 3849 1769 3916 33
1812 3899 1826 3916 .
1858 3900 1873 3917 .
1903 3900 1917 3916 .
1950 3900 1963 3917 .
2008 3860 2217 3917 rentur
2257 3854 2411 3918 male
2434 3876 2762 3938 precaren-

377 3972 478 4027 tur
539 3982 742 4047 usque
800 3961 880 4026 ad
943 3958 1092 4035 XV,
1163 3957 1248 4023 36
1298 3981 1422 4022 esse
1467 3958 1685 4035 deam,
1738 3957 1884 4043 XX,
1934 3954 2019 4022 4'7
2071 4007 2130 4024 ..
2160 4007 2175 4024 .
2206 4008 2223 4025 .
2271 3966 2431 4024 niam
2477 3965 2544 4023 in
2588 3982 2762 4046 quam

378 4076 604 4133 tantum
649 4058 850 4151 usque
895 4066 974 4131 ad
1021 4064 1208 4139 XXI,
1261 4063 1347 4129 50
1387 4065 1586 4129 omitto
1623 4064 1735 4129 ille
1768 4064 1826 4129 ei
1859 4086 1977 4129 non
1998 4115 2015 4150 ,
2056 4064 2277 4145 XXV,
2304 4064 2385 4131 61
2416 4114 2431 4129 .
2463 4113 2480 4132 .
2509 4113 2526 4129 .
2557 4116 2569 4129 .
2597 4076 2763 4129 terea

377 4194 578 4259 usque
623 4172 703 4238 ad
751 4170 991 4248 XXVI,
1043 4170 1130 4234 63
1179 4177 1296 4235 iam
1342 4172 1507 4235 vides
1551 4194 1662 4256 quo
1705 4221 1721 4236 .
1751 4219 1767 4236 .
1794 4219 1810 4235 .
1840 4220 1854 4235 .
1904 4169 1999 4238 Ib.
2054 4171 2140 4237 64
2178 4196 2316 4237 num
2354 4178 2529 4236 etiam
2562 4190 2763 4255 usque

377 4279 456 4345 ad
502 4276 794 4354 XXVII,
848 4274 932 4341 67
982 4277 1279 4341 luxuriem
1327 4284 1519 4341 autem
1557 4279 1776 4361 notite,
1818 4277 2077 4363 XXXI,
2123 4276 2207 4346 '75
2247 4299 2493 4363 quorum
2528 4278 2760 4362 quidem

377 4390 511 4471 quis
555 4385 708 4449 enim
754 4404 957 4467 usque
1001 4383 1082 4449 ad
1130 4385 1395 4449 initium
1444 4383 1697 4449 XXXII
1745 4408 1845 4467 eqo
1902 4382 1978 4463 C,
2030 4383 2123 4450 Ib.
2176 4383 2261 4452 ’79
2315 4432 2330 4448 .
2356 4434 2371 4451 .
2399 4432 2412 4448 .
2445 4432 2461 4447 .
2510 4391 2597 4451 vit
2640 4409 2759 4452 non

379 4514 506 4555 eum
539 4498 786 4575 propter
830 4510 1031 4577 usque
1078 4490 1157 4556 ad
1207 4488 1519 4570 XXXIII,
1562 4488 1646 4555 81
1691 4498 1757 4555 ut
1796 4490 1853 4553 a·
1890 4498 2111 4556 montes
2145 4514 2215 4555 re
2254 4538 2269 4554 .
2299 4541 2315 4558 .
2344 4538 2360 4557 .
2390 4541 2405 4558 .
2454 4490 2758 4557 Eiusdem
