3414 5158
683 333 820 402 220
1734 351 2023 402 macnus.

773 518 958 584 xm.
1013 518 1100 584 46
1145 519 1406 583 deicitur
1434 519 1877 600 familiaritate
1924 530 2133 596 ueta,
2164 526 2303 602 poet
2340 541 2651 600 comm·
2692 527 2751 583 d
2788 519 3085 584 eonium

691 627 876 702 ocho,
941 635 1000 691 et
1057 628 1144 690 ad
1189 631 1546 709 postremum
1566 673 1584 703 ,
1645 648 1725 688 ne
1770 631 1837 689 in
1884 626 2029 690 urbe
2072 627 2408 690 mutatus
2452 637 2687 706 aya-et,
2726 627 3085 709 povincn‘ae

679 733 1038 798 Lusitaniae
1084 734 1450 816 praeficitur
1461 759 1492 817 ,·
1553 733 1661 795 ubi
1726 754 1911 817 usque
1968 733 2056 795 ad
2108 733 2321 794 civilia
2380 755 2547 795 am
2588 756 2707 796 non
2752 755 2831 798 es
2866 734 3083 815 priore

679 841 991 926 infamia,
1061 841 1169 904 ced
1231 845 1461 918 inteqre
1525 847 1842 924 sancteque
1900 844 2017 920 eqit
2040 887 2063 923 ‚
2124 861 2421 921 procax
2478 841 2593 904 otis·
2648 848 2707 904 et
2754 840 3081 924 potestatis

677 947 1118 1029 temperantior.

771 1050 1184 1136 Interpretes,
1233 1055 1344 1136 qni
1389 1049 1694 1116 lectiones
1742 1051 2233 1116 absurdissimas
2278 1051 2531 1116 sorbere
2576 1057 2643 1116 et
2686 1071 3077 1136 concoquere

679 1155 966 1228 malunt.
1029 1177 1222 1242 quam
1287 1158 1575 1222 codicum
1635 1157 1827 1222 fidem
1898 1159 1967 1221 in
2014 1157 2284 1221 dubium
2332 1178 2595 1234 vocare,
2644 1165 2719 1222 ut
2760 1157 3071 1222 stolidum

677 1263 844 1329 illud
890 1286 1120 1347 procaa-
1163 1265 1275 1327 otii
1321 1271 1655 1342 tueantur,
1705 1263 2005 1329 Tacitum
2042 1261 2433 1350 significasse
2474 1264 2829 1338 affirmant,
2872 1263 3073 1328 Otho-

675 1389 824 1434 nem
869 1368 1310 1436 lascivientem
1359 1391 1432 1436 ac
1481 1369 1868 1435 dissolutum
1914 1370 2113 1435 fuisse
2152 1373 2219 1434 in
2260 1373 2393 1436 otio
2432 1369 2680 1456 agendo
2700 1417 2715 1442 ,
2756 1371 3069 1455 quamdiu

678 1479 966 1562 privatus
1027 1477 1270 1543 Romae
1333 1477 1614 1564 degeret.
1711 1479 1799 1543 At
1844 1495 2080 1563 magno
2124 1483 2358 1541 conatu
2406 1497 2673 1564 magnas
2718 1497 2927 1564 nug-as
2972 1477 3072 1542 di-

677 1589 850 1649 cunt.
945 1583 1088 1648 Hoc
1153 1587 1324 1649 enim
1387 1583 1624 1649 voluit:
1687 1582 1859 1647 Otho
1908 1585 1976 1646 in
2026 1581 2387 1666 Lusitania,
2436 1603 2627 1668 quam
2674 1585 3065 1669 provinciam

675 1689 866 1774 (teste
909 1687 1214 1754 Suetonio
1263 1711 1318 1754 c.
1369 1691 1438 1774 3)
1487 1710 1596 1774 per
1643 1688 1859 1754 decem
1912 1708 2107 1753 annos
2152 1687 2583 1754 moderatione
2628 1696 2820 1773 atque
2866 1689 3067 1754 absti-

673 1797 891 1862 nentia
936 1793 1250 1882 singulari
1296 1795 1773 1860 administravit
1794 1841 1811 1870 ‚
1856 1799 2085 1874 ἑπέσθω
2126 1801 2443 1877 sancteque
2488 1794 2607 1874 eqit
2624 1841 2641 1870 ,
2678 1796 3069 1875 pervicax

673 1903 823 1987 otii,
869 1904 910 1966 i.
963 1921 1018 1966 e.
1067 1906 1428 1966 constanter
1473 1903 1676 1965 otium
1728 1899 2113 1985 complexus.
2166 1899 2459 1963 Per-nicae
2496 1906 2562 1966 et
2588 1900 2935 1982 pervicacia
2974 1901 3069 1964 ita

675 2005 1000 2070 interdum
1071 2012 1370 2090 usurpata
1431 2026 1564 2070 esse
1631 2011 1706 2068 ut
1770 2006 1847 2070 ad
1908 2007 2217 2070 bonarum
2274 2025 2485 2071 rerum
2532 2008 3066 2090 perseverantiam

673 2113 1062 2197 pertineant,
1116 2111 1426 2196 exemplis
1474 2111 1935 2178 demonstravit
1982 2111 2383 2194 Boetticher,
2426 2111 2579 2176 Lex.
2620 2111 2763 2177 Tac.
2802 2133 2865 2198 p.
2910 2111 3065 2180 357.

677 2215 788 2282 Sic
838 2217 1186 2283 Helvidius
1233 2217 1490 2282 Priscus
1535 2217 1740 2302 (Hist.
1792 2216 1899 2282 IV.
1954 2217 2023 2296 5)
2070 2218 2307 2283 dieitur
2350 2219 2547 2283 fuisse
2592 2225 2743 2284 recti
2764 2225 3065 2302 pervicax.

670 2320 768 2390 Cf.
819 2325 984 2390 Ami.
1037 2322 1088 2388 L
1147 2321 1251 2388 19.

761 2536 927 2605 ΧΠ.
979 2535 1022 2603 9
1070 2545 1328 2605 cremata
1376 2546 1462 2605 est
1509 2539 1928 2627 [Agrippina]
1978 2545 2145 2603 noete
2192 2539 2393 2603 eadem
2412 2587 2429 2615 ,
2478 2539 2777 2603 convivali
2822 2541 2969 2605 lecto
3008 2547 3067 2606 et

667 2646 930 2728 exequiis
991 2647 1207 2711 vilibus
1221 2677 1249 2725 ,0
1310 2669 1496 2733 neque
1515 2698 1532 2732 ,
1581 2649 1723 2711 dum
1766 2648 1938 2711 Nero
1984 2668 2181 2709 rerum
2223 2646 2595 2728 potiebatur,
2644 2654 2912 2729 conyecta
2958 2654 3067 2710 aut

665 2754 874 2817 clausa
922 2754 1150 2817 humus.

753 2858 904 2925 Voc.
969 2861 1176 2924 clausa
1235 2861 1508 2926 editores
1566 2878 1897 2945 perperam
1946 2861 2393 2942 interpretatos
2442 2879 2575 2924 esse
2621 2857 2826 2925 video.
2920 2857 3063 2925 Hoc

665 2966 836 3031 enim
885 2964 1242 3051 sig-nificare
1289 2965 1712 3041 contendunt,
1763 2984 1841 3029 ne
1886 2961 2024 3029 loco
2072 2964 2329 3048 quidem
2358 3014 2373 3038 ,
2426 2967 2536 3029 nbi
2583 2968 2820 3031 eineres
2868 2969 3062 3051 positi

663 3076 904 3146 essent,
969 3072 1228 3155 cippum
1295 3092 1428 3135 esse
1493 3072 1890 3154 impositum.
1988 3070 2215 3135 Potius
2277 3070 2683 3147 crediderim,
2736 3076 2813 3136 ut
2856 3092 3061 3156 neque

664 3174 855 3242 altior
925 3174 1217 3241 tumulus
1276 3178 1669 3264 Agrippinae
1732 3182 2071 3263 congestus
2132 3178 2219 3239 sit
2284 3176 2581 3259 (conpesta
2642 3179 2875 3258 humus)
2901 3225 2917 3255 ,
2964 3180 3061 3241 ita

663 3300 744 3346 ne
801 3287 1209 3365 consaeptum
1273 3282 1532 3365 quidem
1602 3283 1863 3347 bustum
1924 3285 2062 3347 eius
2108 3302 2261 3347 esse.
2358 3279 2454 3348 Cf.
2505 3281 2681 3347 Suet.
2732 3284 2883 3349 Ner.
2934 3282 3057 3351 33:

663 3386 926 3452 bustum
975 3390 1112 3453 eius
1161 3391 1234 3471 [i.
1286 3409 1334 3453 e.
1391 3385 1678 3473 Claudii]
1732 3390 2119 3473 consaepiri,
2172 3390 2297 3452 nisi
2344 3386 2579 3453 humili
2624 3389 2877 3473 levique
2920 3411 3059 3456 ma-

663 3494 868 3577 ceria,
937 3493 1241 3581 neglexit.
1297 3532 1378 3543 ——
1429 3490 1746 3560 Claudere
1818 3512 1931 3579 pro
2003 3496 2361 3577 consaepire
2428 3492 2691 3560 Tacitus
2750 3516 2905 3560 usus
2960 3500 3058 3585 est
3149 3532 3156 3537 ·

663 3599 826 3665 Ann.
887 3598 1066 3665 XIV.
1134 3600 1249 3665 14:
1319 3602 1608 3665 clausum
1679 3599 1845 3665 valle
1894 3598 2198 3664 Vaticana
2246 3602 2524 3684 spatium
2574 3603 2641 3664 in
2688 3621 2811 3685 quo
2862 3622 3057 3686 equos

657 3710 909 3794 regeret
963 3706 1050 3795 [N
1053 3708 1216 3791 ero].

753 3917 912 3984 Ibid.
961 3920 1119 3985 hune
1163 3921 1262 3984 sui
1295 3924 1489 4002 finem
1536 3921 1753 3983 multoe
1802 3926 1941 3983 ante
1978 3940 2167 3982 annos
2204 3920 2398 3982 cred
2408 3919 2496 3981 id
2508 3928 2683 3981 erat
2720 3919 3057 4002 Aqrippina

660 4031 1210 4111 contempseratque.
1279 4048 1414 4089 nam
1475 4025 1807 4089 consulenti
1872 4036 2047 4106 super
2108 4024 2349 4087 Nerone
2394 4024 2823 4106 responderant
2876 4026 3051 4087 Chac-

660 4130 799 4193 (1αεὶ
849 4130 996 4215 fore
1055 4140 1122 4195 ut
1187 4136 1501 4214 imperaret
1563 4138 1918 4214 matremque
1978 4132 2261 4193 occideret
2276 4157 2306 4206 ‚·
2369 4138 2544 4213 atque
2588 4130 2699 4191 illa
2752 4130 3053 4205 „occidat”

657 4237 886 4321 inquit,
940 4237 1118 4313 „dum
1159 4236 1458 4321 imperet.''

751 4340 870 4407 Vv,
919 4342 1254 4405 crediderat
1291 4351 1355 4408 et
1393 4349 1813 4424 contempserat
1854 4341 2323 4427 quodammodo
2360 4344 2528 4407 inter
2566 4361 2631 4406 se
2666 4348 3049 4429 repugnant,

655 4467 804 4512 nam
853 4465 978 4512 non
1027 4451 1543 4533 contempsisset,
1590 4450 1813 4533 opinor
1832 4496 1850 4533 ,
1894 4446 2359 4515 Chaldaeorum
2399 4467 2769 4532 responsum
2812 4446 3047 4533 Agrip-
