3414 5158
1259 1205 1924 1299 HERODOTEA.

1441 1451 1725 1503 scaffen

1131 1651 1215 1720 Η.
1265 1651 1443 1724 VAN
1486 1653 2064 1728 HERWERDEN.

1451 1963 1767 1998 ’.Φ-

488 2205 910 2294 Posteaquam
981 2225 1038 2273 a.
1115 2205 1290 2274 1883
1371 2207 1595 2294 scripsi
1677 2209 2284 2275 commentationem
2371 2209 2656 2276 criticam
2717 2209 2789 2273 in

395 2310 707 2379 Herodoti
759 2311 957 2380 libros
1001 2311 1034 2380 1
1087 2318 1152 2381 et
1195 2313 1266 2380 II
1313 2313 1512 2401 (Trai.
1561 2333 1616 2380 a.
1666 2312 1792 2381 Bh.
1841 2334 1941 2400 ap.
1989 2311 2049 2379 J.
2098 2314 2172 2382 L.
2221 2314 2511 2402 Beijers),
2558 2334 2778 2381 curare

395 2421 574 2505 coepi
627 2418 824 2486 huius
884 2421 1208 2506 scriptoris
1267 2419 1643 2500 editionem,
1712 2422 1897 2486 cuius
1958 2440 2103 2506 pars
2148 2424 2360 2507 prima
2404 2420 2773 2507 propediem

395 2527 463 2591 in
519 2523 732 2593 lucem
778 2525 1078 2613 prodibit.
1169 2523 1537 2615 Antequam
1584 2527 2001 2595 correctiones
2047 2525 2385 2594 nonnullas
2426 2546 2776 2613 proponam

395 2634 464 2699 in
534 2634 692 2701 duos
762 2633 960 2701 libros
1004 2640 1371 2721 sequentes,
1439 2654 1632 2723 agam
1699 2634 1777 2702 de
1843 2653 1971 2700 uno
2037 2632 2175 2701 loco
2235 2655 2315 2702 ex
2358 2632 2525 2700 libro
2572 2635 2780 2720 primo

396 2761 585 2827 quem
658 2742 728 2807 in
796 2740 1074 2807 editione
1138 2740 1560 2807 incorrectum
1630 2739 1901 2827 reliqui,
1974 2742 2127 2827 quia
2187 2744 2341 2807 tunc
2395 2738 2561 2805 nihil
2618 2740 2775 2805 satis

397 2846 722 2933 probabile
788 2847 1210 2915 succurrebat.
1283 2845 1554 2935 Legitur
1614 2849 1672 2912 is
1734 2846 1913 2913 locus
1960 2846 1995 2912 I
2061 2846 2143 2912 31
2168 2896 2187 2931 ,
2249 2847 2364 2913 ubi
2428 2845 2505 2912 de
2554 2842 2777 2914 Cleobi

397 2959 464 3019 et
509 2952 734 3021 Bitone
780 2956 871 3021 sic
917 2956 1227 3041 scriptum
1274 2958 1404 3021 est:
1451 2952 2028 3029 ἐκκληιόμενοι
2078 2952 2141 3018 δὲ
2187 2961 2265 3035 τῇ
2302 2948 2415 3037 ὥρη
2456 2953 2508 3019 οι·
2555 2952 2779 3029 νεηνίαι

399 3060 722 3133 ὑποδύντες
793 3062 966 3127 αὐτοὶ
1039 3062 1156 3127 ὑπὸ
1214 3062 1324 3137 τὴν
1388 3058 1660 3143 ζεύγλην
1726 3053 1924 3127 εἷλκον
1986 3062 2098 3136 την
2152 3054 2451 3146 ἅμαξαν,
2515 3058 2614 3125 ἐπὶ
2664 3067 2775 3136 τῆς

400 3162 656 3244 ἁμάξης
719 3164 784 3232 δέ
843 3173 960 3251 σφι
1026 3167 1257 3249 ὠχέετο
1317 3170 1352 3243 ἧ
1413 3166 1618 3249 μήτηρ
1638 3214 1656 3247 ,
1721 3166 1851 3235 κτέ.
1944 3166 2385 3235 Annotabam:
2440 3164 2791 3252 „Suspecta

397 3272 746 3359 scriptura3
794 3273 900 3339 cui
945 3271 1334 3341 alienissima
1371 3275 1612 3341 confert
1648 3273 2198 3363 schweighauser.
2222 3272 2573 3342 Infeliciter
2596 3271 2785 3339 Valc-

395 3378 631 3445 kenasr
697 3378 778 3446 cl.
848 3375 1130 3447 Ciceron.
1200 3376 1388 3446 Tusc.
1451 3380 1488 3445 I
1535 3378 1622 3449 4¹7
1685 3382 1956 3449 coniecit
2002 3380 2340 3460 ἐνδυόμενοι
2358 3430 2375 3457 ,
2423 3402 2576 3448 nam
2620 3387 2778 3448 vecte

380 3484 590 3571 posita
633 3484 796 3552 foret
835 3484 1136 3559 ἐκδύντες.
1228 3483 1665 3574 Intelligerem
1713 3486 2139 3567 ἐπειγόμενοι,
2182 3492 2259 3553 ut
2304 3486 2580 3568 ἐπείγειν
2626 3487 2784 3554 dici-

400 3596 508 3659 tur
569 3594 604 3667 ἧ
673 3588 857 3671 ὥρα”.
973 3590 1098 3660 Sed
1165 3592 1252 3659 H.
1323 3594 1648 3679 scripsisse
1714 3592 1971 3661 videtur
2041 3592 2542 3672 (ῖΤΓκληιόμενοι
2591 3593 2655 3661 δὲ
2699 3603 2778 3677 τῇ

399 3694 513 3780 ὥρη
578 3698 731 3786 xri„
799 3705 874 3765 ut
940 3698 1255 3789 Polybius
1315 3697 1424 3779 17,
1492 3698 1554 3782 7,
1620 3700 1662 3767 3
1707 3702 1963 3787 scripsit
2008 3702 2607 3781 συγκλειούσης
2655 3710 2767 3779 τῆς

401 3802 554 3886 ὥρας
612 3804 740 3881 ἤδη.
835 3804 1008 3873 Hinc
1053 3812 1302 3875 transeo
1349 3806 1430 3874 ad
1475 3805 1717 3874 librum
1763 3805 1885 3873 111.

493 4004 594 4072 111
655 4004 742 4071 10
801 4006 949 4072 init.
1014 4003 1124 4071 Ἐν
1181 4004 1246 4071 32
1303 4006 1388 4088 τῷ
1432 4006 1753 4089 Πηλουσίῳ
1802 4042 1887 4056 -
1933 4004 2167 4085 τόματι
2221 4044 2309 4057 -
2356 4007 2783 4088 &epau-om-

405 4111 682 4182 δεύετο
731 4112 1177 4190 Ψαμμήνιτος,
1228 4112 1536 4190 ὑπομένων
1585 4111 1965 4191 Καμβύσεα.
2062 4112 2281 4180 Huius
2326 4112 2453 4181 loci
2491 4118 2587 4180 est
2612 4114 2789 4194 ἐςρα·

402 4218 729 4284 τοπέδευτο
751 4268 766 4294 ,
829 4218 898 4282 iu
961 4223 1176 4283 casto-ie
1235 4225 1399 4302 erat,
1462 4216 1630 4306 quod
1689 4218 1967 4307 plusqpf.
2032 4224 2390 4288 constanter
2435 4218 2781 4300 Herodoti,

402 4344 590 4411 saepe
637 4322 1036 4412 Thucydidis
1081 4322 1328 4391 librarii
1373 4322 1845 4395 oblitterarunt.

493 4506 612 4575 111.
680 4508 760 4575 11
829 4512 984 4575 extr.
1051 4506 1276 4592 μάχης
1336 4506 1400 4576 δὲ
1458 4508 1791 4591 γενομένης
1838 4518 2133 4593 καρτερῆς
2182 4510 2289 4577 καὶ
2337 4509 2643 4577 πεσόντων
2691 4510 2777 4589 ἐξ
